%YAML 1.1
%TAG !u! tag:unity3d.com,2011:
--- !u!29 &1
OcclusionCullingSettings:
  m_ObjectHideFlags: 0
  serializedVersion: 2
  m_OcclusionBakeSettings:
    smallestOccluder: 5
    smallestHole: 0.25
    backfaceThreshold: 100
  m_SceneGUID: 00000000000000000000000000000000
  m_OcclusionCullingData: {fileID: 0}
--- !u!104 &2
RenderSettings:
  m_ObjectHideFlags: 0
  serializedVersion: 9
  m_Fog: 0
  m_FogColor: {r: 0.5, g: 0.5, b: 0.5, a: 1}
  m_FogMode: 3
  m_FogDensity: 0.01
  m_LinearFogStart: 0
  m_LinearFogEnd: 300
  m_AmbientSkyColor: {r: 0.212, g: 0.227, b: 0.259, a: 1}
  m_AmbientEquatorColor: {r: 0.114, g: 0.125, b: 0.133, a: 1}
  m_AmbientGroundColor: {r: 0.047, g: 0.043, b: 0.035, a: 1}
  m_AmbientIntensity: 1
  m_AmbientMode: 0
  m_SubtractiveShadowColor: {r: 0.42, g: 0.478, b: 0.627, a: 1}
  m_SkyboxMaterial: {fileID: 2100000, guid: 860a66ca4259b384f9ec01b687f71c3c, type: 2}
  m_HaloStrength: 0.5
  m_FlareStrength: 1
  m_FlareFadeSpeed: 3
  m_HaloTexture: {fileID: 0}
  m_SpotCookie: {fileID: 10001, guid: 0000000000000000e000000000000000, type: 0}
  m_DefaultReflectionMode: 0
  m_DefaultReflectionResolution: 128
  m_ReflectionBounces: 1
  m_ReflectionIntensity: 1
  m_CustomReflection: {fileID: 0}
  m_Sun: {fileID: 0}
  m_IndirectSpecularColor: {r: 0, g: 0, b: 0, a: 1}
  m_UseRadianceAmbientProbe: 0
--- !u!157 &3
LightmapSettings:
  m_ObjectHideFlags: 0
  serializedVersion: 12
  m_GIWorkflowMode: 1
  m_GISettings:
    serializedVersion: 2
    m_BounceScale: 1
    m_IndirectOutputScale: 1
    m_AlbedoBoost: 1
    m_EnvironmentLightingMode: 0
    m_EnableBakedLightmaps: 1
    m_EnableRealtimeLightmaps: 0
  m_LightmapEditorSettings:
    serializedVersion: 12
    m_Resolution: 2
    m_BakeResolution: 40
    m_AtlasSize: 1024
    m_AO: 0
    m_AOMaxDistance: 1
    m_CompAOExponent: 1
    m_CompAOExponentDirect: 0
    m_ExtractAmbientOcclusion: 0
    m_Padding: 2
    m_LightmapParameters: {fileID: 0}
    m_LightmapsBakeMode: 1
    m_TextureCompression: 1
    m_FinalGather: 0
    m_FinalGatherFiltering: 1
    m_FinalGatherRayCount: 256
    m_ReflectionCompression: 2
    m_MixedBakeMode: 2
    m_BakeBackend: 1
    m_PVRSampling: 1
    m_PVRDirectSampleCount: 32
    m_PVRSampleCount: 512
    m_PVRBounces: 2
    m_PVREnvironmentSampleCount: 256
    m_PVREnvironmentReferencePointCount: 2048
    m_PVRFilteringMode: 1
    m_PVRDenoiserTypeDirect: 1
    m_PVRDenoiserTypeIndirect: 1
    m_PVRDenoiserTypeAO: 1
    m_PVRFilterTypeDirect: 0
    m_PVRFilterTypeIndirect: 0
    m_PVRFilterTypeAO: 0
    m_PVREnvironmentMIS: 1
    m_PVRCulling: 1
    m_PVRFilteringGaussRadiusDirect: 1
    m_PVRFilteringGaussRadiusIndirect: 5
    m_PVRFilteringGaussRadiusAO: 2
    m_PVRFilteringAtrousPositionSigmaDirect: 0.5
    m_PVRFilteringAtrousPositionSigmaIndirect: 2
    m_PVRFilteringAtrousPositionSigmaAO: 1
    m_ExportTrainingData: 0
    m_TrainingDataDestination: TrainingData
    m_LightProbeSampleCountMultiplier: 4
  m_LightingDataAsset: {fileID: 0}
  m_LightingSettings: {fileID: 0}
--- !u!196 &4
NavMeshSettings:
  serializedVersion: 2
  m_ObjectHideFlags: 0
  m_BuildSettings:
    serializedVersion: 2
    agentTypeID: 0
    agentRadius: 0.5
    agentHeight: 2
    agentSlope: 45
    agentClimb: 0.4
    ledgeDropHeight: 0
    maxJumpAcrossDistance: 0
    minRegionArea: 2
    manualCellSize: 0
    cellSize: 0.16666667
    manualTileSize: 0
    tileSize: 256
    accuratePlacement: 0
    maxJobWorkers: 0
    preserveTilesOutsideBounds: 0
    debug:
      m_Flags: 0
  m_NavMeshData: {fileID: 0}
--- !u!1 &155625840
GameObject:
  m_ObjectHideFlags: 0
  m_CorrespondingSourceObject: {fileID: 0}
  m_PrefabInstance: {fileID: 0}
  m_PrefabAsset: {fileID: 0}
  serializedVersion: 6
  m_Component:
  - component: {fileID: 155625841}
  - component: {fileID: 155625844}
  - component: {fileID: 155625843}
  - component: {fileID: 155625842}
  m_Layer: 5
  m_Name: Text
  m_TagString: Untagged
  m_Icon: {fileID: 0}
  m_NavMeshLayer: 0
  m_StaticEditorFlags: 0
  m_IsActive: 1
--- !u!224 &155625841
RectTransform:
  m_ObjectHideFlags: 0
  m_CorrespondingSourceObject: {fileID: 0}
  m_PrefabInstance: {fileID: 0}
  m_PrefabAsset: {fileID: 0}
  m_GameObject: {fileID: 155625840}
  m_LocalRotation: {x: 0, y: 0, z: 0, w: 1}
  m_LocalPosition: {x: 0, y: 0, z: 0}
  m_LocalScale: {x: 0.1, y: 0.1, z: 0.1}
  m_Children: []
  m_Father: {fileID: 536281743}
  m_RootOrder: 1
  m_LocalEulerAnglesHint: {x: 0, y: 0, z: 0}
  m_AnchorMin: {x: 0.5, y: 0.5}
  m_AnchorMax: {x: 0.5, y: 0.5}
  m_AnchoredPosition: {x: -2.7, y: 6.9}
  m_SizeDelta: {x: 300, y: 100}
  m_Pivot: {x: 0.5, y: 0.5}
--- !u!95 &155625842
Animator:
  serializedVersion: 3
  m_ObjectHideFlags: 0
  m_CorrespondingSourceObject: {fileID: 0}
  m_PrefabInstance: {fileID: 0}
  m_PrefabAsset: {fileID: 0}
  m_GameObject: {fileID: 155625840}
  m_Enabled: 1
  m_Avatar: {fileID: 0}
  m_Controller: {fileID: 9100000, guid: a5a253d4c6a52b64d98af05658eeeb7c, type: 2}
  m_CullingMode: 0
  m_UpdateMode: 0
  m_ApplyRootMotion: 0
  m_LinearVelocityBlending: 0
  m_WarningMessage: 
  m_HasTransformHierarchy: 1
  m_AllowConstantClipSamplingOptimization: 1
  m_KeepAnimatorControllerStateOnDisable: 0
--- !u!114 &155625843
MonoBehaviour:
  m_ObjectHideFlags: 0
  m_CorrespondingSourceObject: {fileID: 0}
  m_PrefabInstance: {fileID: 0}
  m_PrefabAsset: {fileID: 0}
  m_GameObject: {fileID: 155625840}
  m_Enabled: 1
  m_EditorHideFlags: 0
  m_Script: {fileID: 11500000, guid: 5f7201a12d95ffc409449d95f23cf332, type: 3}
  m_Name: 
  m_EditorClassIdentifier: 
  m_Material: {fileID: 0}
  m_Color: {r: 0, g: 0.7830189, b: 0.1527129, a: 1}
  m_RaycastTarget: 1
  m_RaycastPadding: {x: 0, y: 0, z: 0, w: 0}
  m_Maskable: 1
  m_OnCullStateChanged:
    m_PersistentCalls:
      m_Calls: []
  m_FontData:
    m_Font: {fileID: 12800000, guid: 1f16052dfd5f6f54e94e97ecedd4c86b, type: 3}
    m_FontSize: 30
    m_FontStyle: 0
    m_BestFit: 0
    m_MinSize: 2
    m_MaxSize: 40
    m_Alignment: 0
    m_AlignByGeometry: 0
    m_RichText: 1
    m_HorizontalOverflow: 0
    m_VerticalOverflow: 0
    m_LineSpacing: 1
  m_Text: 'WARNING: Low oxygen.

    Find the nearest station to refuel.'
--- !u!222 &155625844
CanvasRenderer:
  m_ObjectHideFlags: 0
  m_CorrespondingSourceObject: {fileID: 0}
  m_PrefabInstance: {fileID: 0}
  m_PrefabAsset: {fileID: 0}
  m_GameObject: {fileID: 155625840}
  m_CullTransparentMesh: 0
--- !u!1 &275722139 stripped
GameObject:
  m_CorrespondingSourceObject: {fileID: 1000011629385226, guid: fa4a34fb8bbe14649bca25aee46a5f4e, type: 3}
  m_PrefabInstance: {fileID: 1934864045}
  m_PrefabAsset: {fileID: 0}
--- !u!114 &275722142
MonoBehaviour:
  m_ObjectHideFlags: 0
  m_CorrespondingSourceObject: {fileID: 0}
  m_PrefabInstance: {fileID: 0}
  m_PrefabAsset: {fileID: 0}
  m_GameObject: {fileID: 275722139}
  m_Enabled: 1
  m_EditorHideFlags: 0
  m_Script: {fileID: 11500000, guid: 7390a814de5d09145bce0aa62f62bc9c, type: 3}
  m_Name: 
  m_EditorClassIdentifier: 
  touchMat: {fileID: 2100000, guid: d8a202bc350b09c4e808ea37c6929755, type: 2}
  triggerMat: {fileID: 2100000, guid: b391b3d14f563d042b11a72ab3273487, type: 2}
  canAppear: 0
  appeared: 0
--- !u!1001 &311138755
PrefabInstance:
  m_ObjectHideFlags: 0
  serializedVersion: 2
  m_Modification:
    m_TransformParent: {fileID: 0}
    m_Modifications:
    - target: {fileID: 100004, guid: 126d619cf4daa52469682f85c1378b4a, type: 3}
      propertyPath: m_Name
      value: OVRCameraRig
      objectReference: {fileID: 0}
    - target: {fileID: 400004, guid: 126d619cf4daa52469682f85c1378b4a, type: 3}
      propertyPath: m_RootOrder
      value: 1
      objectReference: {fileID: 0}
    - target: {fileID: 400004, guid: 126d619cf4daa52469682f85c1378b4a, type: 3}
      propertyPath: m_LocalScale.x
      value: 5
      objectReference: {fileID: 0}
    - target: {fileID: 400004, guid: 126d619cf4daa52469682f85c1378b4a, type: 3}
      propertyPath: m_LocalScale.y
      value: 5
      objectReference: {fileID: 0}
    - target: {fileID: 400004, guid: 126d619cf4daa52469682f85c1378b4a, type: 3}
      propertyPath: m_LocalScale.z
      value: 5
      objectReference: {fileID: 0}
    - target: {fileID: 400004, guid: 126d619cf4daa52469682f85c1378b4a, type: 3}
      propertyPath: m_LocalPosition.x
      value: -2514.1
      objectReference: {fileID: 0}
    - target: {fileID: 400004, guid: 126d619cf4daa52469682f85c1378b4a, type: 3}
      propertyPath: m_LocalPosition.y
      value: 6.86
      objectReference: {fileID: 0}
    - target: {fileID: 400004, guid: 126d619cf4daa52469682f85c1378b4a, type: 3}
      propertyPath: m_LocalPosition.z
      value: -0.06
      objectReference: {fileID: 0}
    - target: {fileID: 400004, guid: 126d619cf4daa52469682f85c1378b4a, type: 3}
      propertyPath: m_LocalRotation.w
      value: 0.7071068
      objectReference: {fileID: 0}
    - target: {fileID: 400004, guid: 126d619cf4daa52469682f85c1378b4a, type: 3}
      propertyPath: m_LocalRotation.x
      value: 0
      objectReference: {fileID: 0}
    - target: {fileID: 400004, guid: 126d619cf4daa52469682f85c1378b4a, type: 3}
      propertyPath: m_LocalRotation.y
      value: 0.7071068
      objectReference: {fileID: 0}
    - target: {fileID: 400004, guid: 126d619cf4daa52469682f85c1378b4a, type: 3}
      propertyPath: m_LocalRotation.z
      value: 0
      objectReference: {fileID: 0}
    - target: {fileID: 400004, guid: 126d619cf4daa52469682f85c1378b4a, type: 3}
      propertyPath: m_LocalEulerAnglesHint.x
      value: 0
      objectReference: {fileID: 0}
    - target: {fileID: 400004, guid: 126d619cf4daa52469682f85c1378b4a, type: 3}
      propertyPath: m_LocalEulerAnglesHint.y
      value: 90
      objectReference: {fileID: 0}
    - target: {fileID: 400004, guid: 126d619cf4daa52469682f85c1378b4a, type: 3}
      propertyPath: m_LocalEulerAnglesHint.z
      value: 0
      objectReference: {fileID: 0}
    - target: {fileID: 2037080, guid: 126d619cf4daa52469682f85c1378b4a, type: 3}
      propertyPath: far clip plane
      value: 10000
      objectReference: {fileID: 0}
    m_RemovedComponents: []
  m_SourcePrefab: {fileID: 100100000, guid: 126d619cf4daa52469682f85c1378b4a, type: 3}
--- !u!1001 &397532664
PrefabInstance:
  m_ObjectHideFlags: 0
  serializedVersion: 2
  m_Modification:
    m_TransformParent: {fileID: 0}
    m_Modifications:
    - target: {fileID: -8679921383154817045, guid: ca7b944b72bdad743b40c11e318f434e, type: 3}
      propertyPath: m_RootOrder
      value: 0
      objectReference: {fileID: 0}
    - target: {fileID: -8679921383154817045, guid: ca7b944b72bdad743b40c11e318f434e, type: 3}
      propertyPath: m_LocalPosition.x
      value: -2513.06
      objectReference: {fileID: 0}
    - target: {fileID: -8679921383154817045, guid: ca7b944b72bdad743b40c11e318f434e, type: 3}
      propertyPath: m_LocalPosition.y
      value: 3.28
      objectReference: {fileID: 0}
    - target: {fileID: -8679921383154817045, guid: ca7b944b72bdad743b40c11e318f434e, type: 3}
      propertyPath: m_LocalPosition.z
      value: -3.75
      objectReference: {fileID: 0}
    - target: {fileID: -8679921383154817045, guid: ca7b944b72bdad743b40c11e318f434e, type: 3}
      propertyPath: m_LocalRotation.w
      value: 0.98792535
      objectReference: {fileID: 0}
    - target: {fileID: -8679921383154817045, guid: ca7b944b72bdad743b40c11e318f434e, type: 3}
      propertyPath: m_LocalRotation.x
      value: -0
      objectReference: {fileID: 0}
    - target: {fileID: -8679921383154817045, guid: ca7b944b72bdad743b40c11e318f434e, type: 3}
      propertyPath: m_LocalRotation.y
      value: -0
      objectReference: {fileID: 0}
    - target: {fileID: -8679921383154817045, guid: ca7b944b72bdad743b40c11e318f434e, type: 3}
      propertyPath: m_LocalRotation.z
      value: 0.1549309
      objectReference: {fileID: 0}
    - target: {fileID: -8679921383154817045, guid: ca7b944b72bdad743b40c11e318f434e, type: 3}
      propertyPath: m_LocalEulerAnglesHint.x
      value: 0
      objectReference: {fileID: 0}
    - target: {fileID: -8679921383154817045, guid: ca7b944b72bdad743b40c11e318f434e, type: 3}
      propertyPath: m_LocalEulerAnglesHint.y
      value: 0
      objectReference: {fileID: 0}
    - target: {fileID: -8679921383154817045, guid: ca7b944b72bdad743b40c11e318f434e, type: 3}
      propertyPath: m_LocalEulerAnglesHint.z
      value: 17.826
      objectReference: {fileID: 0}
    - target: {fileID: -2694327983034482739, guid: ca7b944b72bdad743b40c11e318f434e, type: 3}
      propertyPath: m_LocalPosition.x
      value: -0
      objectReference: {fileID: 0}
    - target: {fileID: -2694327983034482739, guid: ca7b944b72bdad743b40c11e318f434e, type: 3}
      propertyPath: m_LocalPosition.y
      value: 0
      objectReference: {fileID: 0}
    - target: {fileID: 919132149155446097, guid: ca7b944b72bdad743b40c11e318f434e, type: 3}
      propertyPath: m_Name
      value: button
      objectReference: {fileID: 0}
    m_RemovedComponents: []
  m_SourcePrefab: {fileID: 100100000, guid: ca7b944b72bdad743b40c11e318f434e, type: 3}
--- !u!1 &443955689
GameObject:
  m_ObjectHideFlags: 0
  m_CorrespondingSourceObject: {fileID: 0}
  m_PrefabInstance: {fileID: 0}
  m_PrefabAsset: {fileID: 0}
  serializedVersion: 6
  m_Component:
  - component: {fileID: 443955692}
  - component: {fileID: 443955691}
  - component: {fileID: 443955690}
  m_Layer: 0
  m_Name: EventSystem
  m_TagString: Untagged
  m_Icon: {fileID: 0}
  m_NavMeshLayer: 0
  m_StaticEditorFlags: 0
  m_IsActive: 1
--- !u!114 &443955690
MonoBehaviour:
  m_ObjectHideFlags: 0
  m_CorrespondingSourceObject: {fileID: 0}
  m_PrefabInstance: {fileID: 0}
  m_PrefabAsset: {fileID: 0}
  m_GameObject: {fileID: 443955689}
  m_Enabled: 1
  m_EditorHideFlags: 0
  m_Script: {fileID: 11500000, guid: 4f231c4fb786f3946a6b90b886c48677, type: 3}
  m_Name: 
  m_EditorClassIdentifier: 
  m_HorizontalAxis: Horizontal
  m_VerticalAxis: Vertical
  m_SubmitButton: Submit
  m_CancelButton: Cancel
  m_InputActionsPerSecond: 10
  m_RepeatDelay: 0.5
  m_ForceModuleActive: 0
--- !u!114 &443955691
MonoBehaviour:
  m_ObjectHideFlags: 0
  m_CorrespondingSourceObject: {fileID: 0}
  m_PrefabInstance: {fileID: 0}
  m_PrefabAsset: {fileID: 0}
  m_GameObject: {fileID: 443955689}
  m_Enabled: 1
  m_EditorHideFlags: 0
  m_Script: {fileID: 11500000, guid: 76c392e42b5098c458856cdf6ecaaaa1, type: 3}
  m_Name: 
  m_EditorClassIdentifier: 
  m_FirstSelected: {fileID: 0}
  m_sendNavigationEvents: 1
  m_DragThreshold: 10
--- !u!4 &443955692
Transform:
  m_ObjectHideFlags: 0
  m_CorrespondingSourceObject: {fileID: 0}
  m_PrefabInstance: {fileID: 0}
  m_PrefabAsset: {fileID: 0}
  m_GameObject: {fileID: 443955689}
  m_LocalRotation: {x: 0, y: 0, z: 0, w: 1}
  m_LocalPosition: {x: 0, y: 0, z: 0}
  m_LocalScale: {x: 1, y: 1, z: 1}
  m_Children: []
  m_Father: {fileID: 0}
  m_RootOrder: 8
  m_LocalEulerAnglesHint: {x: 0, y: 0, z: 0}
--- !u!1 &457479040
GameObject:
  m_ObjectHideFlags: 0
  m_CorrespondingSourceObject: {fileID: 0}
  m_PrefabInstance: {fileID: 0}
  m_PrefabAsset: {fileID: 0}
  serializedVersion: 6
  m_Component:
  - component: {fileID: 457479041}
  - component: {fileID: 457479043}
  - component: {fileID: 457479042}
  m_Layer: 5
  m_Name: Text
  m_TagString: Untagged
  m_Icon: {fileID: 0}
  m_NavMeshLayer: 0
  m_StaticEditorFlags: 0
  m_IsActive: 1
--- !u!224 &457479041
RectTransform:
  m_ObjectHideFlags: 0
  m_CorrespondingSourceObject: {fileID: 0}
  m_PrefabInstance: {fileID: 0}
  m_PrefabAsset: {fileID: 0}
  m_GameObject: {fileID: 457479040}
  m_LocalRotation: {x: 0.29182968, y: 0.04741277, z: 0.014485566, w: 0.9551846}
  m_LocalPosition: {x: 0, y: 0, z: -3.4}
  m_LocalScale: {x: 0.1, y: 0.1, z: 0.1}
  m_Children: []
  m_Father: {fileID: 1320965776}
  m_RootOrder: 0
  m_LocalEulerAnglesHint: {x: 33.789, y: 6.843, z: 3.818}
  m_AnchorMin: {x: 0.5, y: 0.5}
  m_AnchorMax: {x: 0.5, y: 0.5}
  m_AnchoredPosition: {x: 21.9, y: -1.1}
  m_SizeDelta: {x: 300, y: 30}
  m_Pivot: {x: 0.5, y: 0.5}
--- !u!114 &457479042
MonoBehaviour:
  m_ObjectHideFlags: 0
  m_CorrespondingSourceObject: {fileID: 0}
  m_PrefabInstance: {fileID: 0}
  m_PrefabAsset: {fileID: 0}
  m_GameObject: {fileID: 457479040}
  m_Enabled: 1
  m_EditorHideFlags: 0
  m_Script: {fileID: 11500000, guid: 5f7201a12d95ffc409449d95f23cf332, type: 3}
  m_Name: 
  m_EditorClassIdentifier: 
  m_Material: {fileID: 0}
  m_Color: {r: 1, g: 1, b: 1, a: 0}
  m_RaycastTarget: 1
  m_RaycastPadding: {x: 0, y: 0, z: 0, w: 0}
  m_Maskable: 1
  m_OnCullStateChanged:
    m_PersistentCalls:
      m_Calls: []
  m_FontData:
    m_Font: {fileID: 10102, guid: 0000000000000000e000000000000000, type: 0}
    m_FontSize: 20
    m_FontStyle: 0
    m_BestFit: 0
    m_MinSize: 2
    m_MaxSize: 40
    m_Alignment: 0
    m_AlignByGeometry: 0
    m_RichText: 1
    m_HorizontalOverflow: 0
    m_VerticalOverflow: 0
    m_LineSpacing: 1
  m_Text: Take the joystick to start!
--- !u!222 &457479043
CanvasRenderer:
  m_ObjectHideFlags: 0
  m_CorrespondingSourceObject: {fileID: 0}
  m_PrefabInstance: {fileID: 0}
  m_PrefabAsset: {fileID: 0}
  m_GameObject: {fileID: 457479040}
  m_CullTransparentMesh: 0
--- !u!4 &504854187 stripped
Transform:
  m_CorrespondingSourceObject: {fileID: 482130, guid: 126d619cf4daa52469682f85c1378b4a, type: 3}
  m_PrefabInstance: {fileID: 311138755}
  m_PrefabAsset: {fileID: 0}
--- !u!1 &536281739
GameObject:
  m_ObjectHideFlags: 0
  m_CorrespondingSourceObject: {fileID: 0}
  m_PrefabInstance: {fileID: 0}
  m_PrefabAsset: {fileID: 0}
  serializedVersion: 6
  m_Component:
  - component: {fileID: 536281743}
  - component: {fileID: 536281742}
  - component: {fileID: 536281741}
  - component: {fileID: 536281740}
  m_Layer: 5
  m_Name: Canvas (1)
  m_TagString: Untagged
  m_Icon: {fileID: 0}
  m_NavMeshLayer: 0
  m_StaticEditorFlags: 0
  m_IsActive: 1
--- !u!114 &536281740
MonoBehaviour:
  m_ObjectHideFlags: 0
  m_CorrespondingSourceObject: {fileID: 0}
  m_PrefabInstance: {fileID: 0}
  m_PrefabAsset: {fileID: 0}
  m_GameObject: {fileID: 536281739}
  m_Enabled: 1
  m_EditorHideFlags: 0
  m_Script: {fileID: 11500000, guid: dc42784cf147c0c48a680349fa168899, type: 3}
  m_Name: 
  m_EditorClassIdentifier: 
  m_IgnoreReversedGraphics: 1
  m_BlockingObjects: 0
  m_BlockingMask:
    serializedVersion: 2
    m_Bits: 4294967295
--- !u!114 &536281741
MonoBehaviour:
  m_ObjectHideFlags: 0
  m_CorrespondingSourceObject: {fileID: 0}
  m_PrefabInstance: {fileID: 0}
  m_PrefabAsset: {fileID: 0}
  m_GameObject: {fileID: 536281739}
  m_Enabled: 1
  m_EditorHideFlags: 0
  m_Script: {fileID: 11500000, guid: 0cd44c1031e13a943bb63640046fad76, type: 3}
  m_Name: 
  m_EditorClassIdentifier: 
  m_UiScaleMode: 0
  m_ReferencePixelsPerUnit: 100
  m_ScaleFactor: 1
  m_ReferenceResolution: {x: 800, y: 600}
  m_ScreenMatchMode: 0
  m_MatchWidthOrHeight: 0
  m_PhysicalUnit: 3
  m_FallbackScreenDPI: 96
  m_DefaultSpriteDPI: 96
  m_DynamicPixelsPerUnit: 1
--- !u!223 &536281742
Canvas:
  m_ObjectHideFlags: 0
  m_CorrespondingSourceObject: {fileID: 0}
  m_PrefabInstance: {fileID: 0}
  m_PrefabAsset: {fileID: 0}
  m_GameObject: {fileID: 536281739}
  m_Enabled: 1
  serializedVersion: 3
  m_RenderMode: 2
  m_Camera: {fileID: 0}
  m_PlaneDistance: 100
  m_PixelPerfect: 0
  m_ReceivesEvents: 1
  m_OverrideSorting: 0
  m_OverridePixelPerfect: 0
  m_SortingBucketNormalizedSize: 0
  m_AdditionalShaderChannelsFlag: 0
  m_SortingLayerID: 0
  m_SortingOrder: 0
  m_TargetDisplay: 0
--- !u!224 &536281743
RectTransform:
  m_ObjectHideFlags: 0
  m_CorrespondingSourceObject: {fileID: 0}
  m_PrefabInstance: {fileID: 0}
  m_PrefabAsset: {fileID: 0}
  m_GameObject: {fileID: 536281739}
  m_LocalRotation: {x: 0.17165707, y: 0.6737684, z: -0.16535477, w: 0.6994482}
  m_LocalPosition: {x: 0, y: 0, z: 0.04}
  m_LocalScale: {x: 0.1, y: 0.1, z: 0.1}
  m_Children:
  - {fileID: 1801163064}
  - {fileID: 155625841}
  m_Father: {fileID: 0}
  m_RootOrder: 9
  m_LocalEulerAnglesHint: {x: 27.578, y: 87.857, z: 0}
  m_AnchorMin: {x: 0, y: 0}
  m_AnchorMax: {x: 0, y: 0}
  m_AnchoredPosition: {x: -2508.77, y: 3.54}
  m_SizeDelta: {x: 100, y: 30}
  m_Pivot: {x: 0.5, y: 0.5}
--- !u!1 &611030975 stripped
GameObject:
  m_CorrespondingSourceObject: {fileID: 919132149155446097, guid: ca7b944b72bdad743b40c11e318f434e, type: 3}
  m_PrefabInstance: {fileID: 397532664}
  m_PrefabAsset: {fileID: 0}
--- !u!95 &611030976
Animator:
  serializedVersion: 3
  m_ObjectHideFlags: 0
  m_CorrespondingSourceObject: {fileID: 0}
  m_PrefabInstance: {fileID: 0}
  m_PrefabAsset: {fileID: 0}
  m_GameObject: {fileID: 611030975}
  m_Enabled: 1
  m_Avatar: {fileID: 0}
  m_Controller: {fileID: 9100000, guid: 9b80b0c7cc09e174fb1998aee798ccb2, type: 2}
  m_CullingMode: 0
  m_UpdateMode: 0
  m_ApplyRootMotion: 0
  m_LinearVelocityBlending: 0
  m_WarningMessage: 
  m_HasTransformHierarchy: 1
  m_AllowConstantClipSamplingOptimization: 1
  m_KeepAnimatorControllerStateOnDisable: 0
--- !u!114 &611030977
MonoBehaviour:
  m_ObjectHideFlags: 0
  m_CorrespondingSourceObject: {fileID: 0}
  m_PrefabInstance: {fileID: 0}
  m_PrefabAsset: {fileID: 0}
  m_GameObject: {fileID: 611030975}
  m_Enabled: 1
  m_EditorHideFlags: 0
  m_Script: {fileID: 11500000, guid: fdce7679fe363124090dc6a5b6fdfbf4, type: 3}
  m_Name: 
  m_EditorClassIdentifier: 
--- !u!65 &611030978
BoxCollider:
  m_ObjectHideFlags: 0
  m_CorrespondingSourceObject: {fileID: 0}
  m_PrefabInstance: {fileID: 0}
  m_PrefabAsset: {fileID: 0}
  m_GameObject: {fileID: 611030975}
  m_Material: {fileID: 0}
  m_IsTrigger: 0
  m_Enabled: 1
  serializedVersion: 2
  m_Size: {x: 0.44929868, y: 0.09168405, z: 0.35245943}
  m_Center: {x: -0.02650936, y: 0.4554941, z: 0.06992459}
--- !u!82 &611030980
AudioSource:
  m_ObjectHideFlags: 0
  m_CorrespondingSourceObject: {fileID: 0}
  m_PrefabInstance: {fileID: 0}
  m_PrefabAsset: {fileID: 0}
  m_GameObject: {fileID: 611030975}
  m_Enabled: 1
  serializedVersion: 4
  OutputAudioMixerGroup: {fileID: 0}
  m_audioClip: {fileID: 8300000, guid: 8688a30973baedd41848186ad913f875, type: 3}
  m_PlayOnAwake: 0
  m_Volume: 1
  m_Pitch: 1
  Loop: 0
  Mute: 0
  Spatialize: 0
  SpatializePostEffects: 0
  Priority: 128
  DopplerLevel: 1
  MinDistance: 1
  MaxDistance: 500
  Pan2D: 0
  rolloffMode: 0
  BypassEffects: 0
  BypassListenerEffects: 0
  BypassReverbZones: 0
  rolloffCustomCurve:
    serializedVersion: 2
    m_Curve:
    - serializedVersion: 3
      time: 0
      value: 1
      inSlope: 0
      outSlope: 0
      tangentMode: 0
      weightedMode: 0
      inWeight: 0.33333334
      outWeight: 0.33333334
    - serializedVersion: 3
      time: 1
      value: 0
      inSlope: 0
      outSlope: 0
      tangentMode: 0
      weightedMode: 0
      inWeight: 0.33333334
      outWeight: 0.33333334
    m_PreInfinity: 2
    m_PostInfinity: 2
    m_RotationOrder: 4
  panLevelCustomCurve:
    serializedVersion: 2
    m_Curve:
    - serializedVersion: 3
      time: 0
      value: 1
      inSlope: 0
      outSlope: 0
      tangentMode: 0
      weightedMode: 0
      inWeight: 0.33333334
      outWeight: 0.33333334
    m_PreInfinity: 2
    m_PostInfinity: 2
    m_RotationOrder: 4
  spreadCustomCurve:
    serializedVersion: 2
    m_Curve:
    - serializedVersion: 3
      time: 0
      value: 0
      inSlope: 0
      outSlope: 0
      tangentMode: 0
      weightedMode: 0
      inWeight: 0.33333334
      outWeight: 0.33333334
    m_PreInfinity: 2
    m_PostInfinity: 2
    m_RotationOrder: 4
  reverbZoneMixCustomCurve:
    serializedVersion: 2
    m_Curve:
    - serializedVersion: 3
      time: 0
      value: 1
      inSlope: 0
      outSlope: 0
      tangentMode: 0
      weightedMode: 0
      inWeight: 0.33333334
      outWeight: 0.33333334
    m_PreInfinity: 2
    m_PostInfinity: 2
    m_RotationOrder: 4
--- !u!1 &726218543
GameObject:
  m_ObjectHideFlags: 0
  m_CorrespondingSourceObject: {fileID: 0}
  m_PrefabInstance: {fileID: 0}
  m_PrefabAsset: {fileID: 0}
  serializedVersion: 6
  m_Component:
  - component: {fileID: 726218545}
  - component: {fileID: 726218544}
  m_Layer: 0
  m_Name: Directional Light
  m_TagString: Untagged
  m_Icon: {fileID: 0}
  m_NavMeshLayer: 0
  m_StaticEditorFlags: 0
  m_IsActive: 1
--- !u!108 &726218544
Light:
  m_ObjectHideFlags: 0
  m_CorrespondingSourceObject: {fileID: 0}
  m_PrefabInstance: {fileID: 0}
  m_PrefabAsset: {fileID: 0}
  m_GameObject: {fileID: 726218543}
  m_Enabled: 1
  serializedVersion: 10
  m_Type: 1
  m_Shape: 0
  m_Color: {r: 1, g: 0.95686275, b: 0.8392157, a: 1}
  m_Intensity: 1
  m_Range: 10
  m_SpotAngle: 30
  m_InnerSpotAngle: 21.80208
  m_CookieSize: 10
  m_Shadows:
    m_Type: 2
    m_Resolution: -1
    m_CustomResolution: -1
    m_Strength: 1
    m_Bias: 0.05
    m_NormalBias: 0.4
    m_NearPlane: 0.2
    m_CullingMatrixOverride:
      e00: 1
      e01: 0
      e02: 0
      e03: 0
      e10: 0
      e11: 1
      e12: 0
      e13: 0
      e20: 0
      e21: 0
      e22: 1
      e23: 0
      e30: 0
      e31: 0
      e32: 0
      e33: 1
    m_UseCullingMatrixOverride: 0
  m_Cookie: {fileID: 0}
  m_DrawHalo: 0
  m_Flare: {fileID: 0}
  m_RenderMode: 0
  m_CullingMask:
    serializedVersion: 2
    m_Bits: 4294967295
  m_RenderingLayerMask: 1
  m_Lightmapping: 4
  m_LightShadowCasterMode: 0
  m_AreaSize: {x: 1, y: 1}
  m_BounceIntensity: 1
  m_ColorTemperature: 6570
  m_UseColorTemperature: 0
  m_BoundingSphereOverride: {x: 0, y: 0, z: 0, w: 0}
  m_UseBoundingSphereOverride: 0
  m_ShadowRadius: 0
  m_ShadowAngle: 0
--- !u!4 &726218545
Transform:
  m_ObjectHideFlags: 0
  m_CorrespondingSourceObject: {fileID: 0}
  m_PrefabInstance: {fileID: 0}
  m_PrefabAsset: {fileID: 0}
  m_GameObject: {fileID: 726218543}
  m_LocalRotation: {x: -0.068777785, y: -0.79187685, z: -0.120642744, w: -0.59468144}
  m_LocalPosition: {x: 0, y: 3, z: 0}
  m_LocalScale: {x: 1, y: 1, z: 1}
  m_Children: []
  m_Father: {fileID: 0}
  m_RootOrder: 5
  m_LocalEulerAnglesHint: {x: -6.273, y: -254.62201, z: 14.711}
--- !u!1001 &791324242
PrefabInstance:
  m_ObjectHideFlags: 0
  serializedVersion: 2
  m_Modification:
    m_TransformParent: {fileID: 0}
    m_Modifications:
    - target: {fileID: 162816, guid: 2095fadd708bbad4795daabc2bc93601, type: 3}
      propertyPath: m_Name
      value: Moon
      objectReference: {fileID: 0}
    - target: {fileID: 487448, guid: 2095fadd708bbad4795daabc2bc93601, type: 3}
      propertyPath: m_RootOrder
      value: 2
      objectReference: {fileID: 0}
    - target: {fileID: 487448, guid: 2095fadd708bbad4795daabc2bc93601, type: 3}
      propertyPath: m_LocalScale.x
      value: 500
      objectReference: {fileID: 0}
    - target: {fileID: 487448, guid: 2095fadd708bbad4795daabc2bc93601, type: 3}
      propertyPath: m_LocalScale.y
      value: 500
      objectReference: {fileID: 0}
    - target: {fileID: 487448, guid: 2095fadd708bbad4795daabc2bc93601, type: 3}
      propertyPath: m_LocalScale.z
      value: 500
      objectReference: {fileID: 0}
    - target: {fileID: 487448, guid: 2095fadd708bbad4795daabc2bc93601, type: 3}
      propertyPath: m_LocalPosition.x
      value: 1624
      objectReference: {fileID: 0}
    - target: {fileID: 487448, guid: 2095fadd708bbad4795daabc2bc93601, type: 3}
      propertyPath: m_LocalPosition.y
      value: 3092.0046
      objectReference: {fileID: 0}
    - target: {fileID: 487448, guid: 2095fadd708bbad4795daabc2bc93601, type: 3}
      propertyPath: m_LocalPosition.z
      value: 2808
      objectReference: {fileID: 0}
    - target: {fileID: 487448, guid: 2095fadd708bbad4795daabc2bc93601, type: 3}
      propertyPath: m_LocalRotation.w
      value: -0.96964765
      objectReference: {fileID: 0}
    - target: {fileID: 487448, guid: 2095fadd708bbad4795daabc2bc93601, type: 3}
      propertyPath: m_LocalRotation.x
      value: 0.10886049
      objectReference: {fileID: 0}
    - target: {fileID: 487448, guid: 2095fadd708bbad4795daabc2bc93601, type: 3}
      propertyPath: m_LocalRotation.y
      value: -0.14711607
      objectReference: {fileID: 0}
    - target: {fileID: 487448, guid: 2095fadd708bbad4795daabc2bc93601, type: 3}
      propertyPath: m_LocalRotation.z
      value: -0.16214116
      objectReference: {fileID: 0}
    - target: {fileID: 487448, guid: 2095fadd708bbad4795daabc2bc93601, type: 3}
      propertyPath: m_LocalEulerAnglesHint.x
      value: 0
      objectReference: {fileID: 0}
    - target: {fileID: 487448, guid: 2095fadd708bbad4795daabc2bc93601, type: 3}
      propertyPath: m_LocalEulerAnglesHint.y
      value: 0
      objectReference: {fileID: 0}
    - target: {fileID: 487448, guid: 2095fadd708bbad4795daabc2bc93601, type: 3}
      propertyPath: m_LocalEulerAnglesHint.z
      value: 0
      objectReference: {fileID: 0}
    m_RemovedComponents: []
  m_SourcePrefab: {fileID: 100100000, guid: 2095fadd708bbad4795daabc2bc93601, type: 3}
--- !u!1001 &813670850
PrefabInstance:
  m_ObjectHideFlags: 0
  serializedVersion: 2
  m_Modification:
    m_TransformParent: {fileID: 1228154103}
    m_Modifications:
    - target: {fileID: 195418, guid: ba1fa4a8c66106b4988c88fe4b8e8502, type: 3}
      propertyPath: m_Name
      value: CustomHandRight
      objectReference: {fileID: 0}
    - target: {fileID: 422740, guid: ba1fa4a8c66106b4988c88fe4b8e8502, type: 3}
      propertyPath: m_RootOrder
      value: 1
      objectReference: {fileID: 0}
    - target: {fileID: 422740, guid: ba1fa4a8c66106b4988c88fe4b8e8502, type: 3}
      propertyPath: m_LocalPosition.x
      value: 0
      objectReference: {fileID: 0}
    - target: {fileID: 422740, guid: ba1fa4a8c66106b4988c88fe4b8e8502, type: 3}
      propertyPath: m_LocalPosition.y
      value: 0
      objectReference: {fileID: 0}
    - target: {fileID: 422740, guid: ba1fa4a8c66106b4988c88fe4b8e8502, type: 3}
      propertyPath: m_LocalPosition.z
      value: 0
      objectReference: {fileID: 0}
    - target: {fileID: 422740, guid: ba1fa4a8c66106b4988c88fe4b8e8502, type: 3}
      propertyPath: m_LocalRotation.w
      value: 0.7071067
      objectReference: {fileID: 0}
    - target: {fileID: 422740, guid: ba1fa4a8c66106b4988c88fe4b8e8502, type: 3}
      propertyPath: m_LocalRotation.x
      value: -0
      objectReference: {fileID: 0}
    - target: {fileID: 422740, guid: ba1fa4a8c66106b4988c88fe4b8e8502, type: 3}
      propertyPath: m_LocalRotation.y
      value: -0
      objectReference: {fileID: 0}
    - target: {fileID: 422740, guid: ba1fa4a8c66106b4988c88fe4b8e8502, type: 3}
      propertyPath: m_LocalRotation.z
      value: -0.7071068
      objectReference: {fileID: 0}
    - target: {fileID: 422740, guid: ba1fa4a8c66106b4988c88fe4b8e8502, type: 3}
      propertyPath: m_LocalEulerAnglesHint.x
      value: 0
      objectReference: {fileID: 0}
    - target: {fileID: 422740, guid: ba1fa4a8c66106b4988c88fe4b8e8502, type: 3}
      propertyPath: m_LocalEulerAnglesHint.y
      value: 0
      objectReference: {fileID: 0}
    - target: {fileID: 422740, guid: ba1fa4a8c66106b4988c88fe4b8e8502, type: 3}
      propertyPath: m_LocalEulerAnglesHint.z
      value: -90
      objectReference: {fileID: 0}
    - target: {fileID: 4023906921389046, guid: ba1fa4a8c66106b4988c88fe4b8e8502, type: 3}
      propertyPath: m_LocalRotation.w
      value: 0.9914793
      objectReference: {fileID: 0}
    - target: {fileID: 4023906921389046, guid: ba1fa4a8c66106b4988c88fe4b8e8502, type: 3}
      propertyPath: m_LocalRotation.x
      value: 1.2973352e-18
      objectReference: {fileID: 0}
    - target: {fileID: 4023906921389046, guid: ba1fa4a8c66106b4988c88fe4b8e8502, type: 3}
      propertyPath: m_LocalRotation.y
      value: -2.7823656e-17
      objectReference: {fileID: 0}
    - target: {fileID: 4023906921389046, guid: ba1fa4a8c66106b4988c88fe4b8e8502, type: 3}
      propertyPath: m_LocalRotation.z
      value: -0.1302646
      objectReference: {fileID: 0}
    - target: {fileID: 4076948614940884, guid: ba1fa4a8c66106b4988c88fe4b8e8502, type: 3}
      propertyPath: m_LocalRotation.w
      value: 0.95884395
      objectReference: {fileID: 0}
    - target: {fileID: 4076948614940884, guid: ba1fa4a8c66106b4988c88fe4b8e8502, type: 3}
      propertyPath: m_LocalRotation.x
      value: -1.0320353e-17
      objectReference: {fileID: 0}
    - target: {fileID: 4076948614940884, guid: ba1fa4a8c66106b4988c88fe4b8e8502, type: 3}
      propertyPath: m_LocalRotation.y
      value: 8.378469e-17
      objectReference: {fileID: 0}
    - target: {fileID: 4076948614940884, guid: ba1fa4a8c66106b4988c88fe4b8e8502, type: 3}
      propertyPath: m_LocalRotation.z
      value: -0.28393373
      objectReference: {fileID: 0}
    - target: {fileID: 4119189623418424, guid: ba1fa4a8c66106b4988c88fe4b8e8502, type: 3}
      propertyPath: m_LocalRotation.w
      value: 0.16772924
      objectReference: {fileID: 0}
    - target: {fileID: 4119189623418424, guid: ba1fa4a8c66106b4988c88fe4b8e8502, type: 3}
      propertyPath: m_LocalRotation.x
      value: -0.13000861
      objectReference: {fileID: 0}
    - target: {fileID: 4119189623418424, guid: ba1fa4a8c66106b4988c88fe4b8e8502, type: 3}
      propertyPath: m_LocalRotation.y
      value: 0.5139557
      objectReference: {fileID: 0}
    - target: {fileID: 4119189623418424, guid: ba1fa4a8c66106b4988c88fe4b8e8502, type: 3}
      propertyPath: m_LocalRotation.z
      value: 0.8311523
      objectReference: {fileID: 0}
    - target: {fileID: 4136529915060398, guid: ba1fa4a8c66106b4988c88fe4b8e8502, type: 3}
      propertyPath: m_LocalRotation.w
      value: 0.95336753
      objectReference: {fileID: 0}
    - target: {fileID: 4136529915060398, guid: ba1fa4a8c66106b4988c88fe4b8e8502, type: 3}
      propertyPath: m_LocalRotation.x
      value: 1.37384244e-17
      objectReference: {fileID: 0}
    - target: {fileID: 4136529915060398, guid: ba1fa4a8c66106b4988c88fe4b8e8502, type: 3}
      propertyPath: m_LocalRotation.y
      value: -1.9944315e-16
      objectReference: {fileID: 0}
    - target: {fileID: 4136529915060398, guid: ba1fa4a8c66106b4988c88fe4b8e8502, type: 3}
      propertyPath: m_LocalRotation.z
      value: -0.30181184
      objectReference: {fileID: 0}
    - target: {fileID: 4170836020928572, guid: ba1fa4a8c66106b4988c88fe4b8e8502, type: 3}
      propertyPath: m_LocalRotation.w
      value: 0.99095535
      objectReference: {fileID: 0}
    - target: {fileID: 4170836020928572, guid: ba1fa4a8c66106b4988c88fe4b8e8502, type: 3}
      propertyPath: m_LocalRotation.x
      value: 0.0000000074505486
      objectReference: {fileID: 0}
    - target: {fileID: 4170836020928572, guid: ba1fa4a8c66106b4988c88fe4b8e8502, type: 3}
      propertyPath: m_LocalRotation.y
      value: 2.1995279e-11
      objectReference: {fileID: 0}
    - target: {fileID: 4170836020928572, guid: ba1fa4a8c66106b4988c88fe4b8e8502, type: 3}
      propertyPath: m_LocalRotation.z
      value: -0.13419232
      objectReference: {fileID: 0}
    - target: {fileID: 4346361111676942, guid: ba1fa4a8c66106b4988c88fe4b8e8502, type: 3}
      propertyPath: m_LocalRotation.w
      value: 0.2381234
      objectReference: {fileID: 0}
    - target: {fileID: 4346361111676942, guid: ba1fa4a8c66106b4988c88fe4b8e8502, type: 3}
      propertyPath: m_LocalRotation.x
      value: -0.0064993068
      objectReference: {fileID: 0}
    - target: {fileID: 4346361111676942, guid: ba1fa4a8c66106b4988c88fe4b8e8502, type: 3}
      propertyPath: m_LocalRotation.y
      value: -0.06399098
      objectReference: {fileID: 0}
    - target: {fileID: 4346361111676942, guid: ba1fa4a8c66106b4988c88fe4b8e8502, type: 3}
      propertyPath: m_LocalRotation.z
      value: 0.9691028
      objectReference: {fileID: 0}
    - target: {fileID: 4401552396912066, guid: ba1fa4a8c66106b4988c88fe4b8e8502, type: 3}
      propertyPath: m_LocalRotation.w
      value: 0.1613121
      objectReference: {fileID: 0}
    - target: {fileID: 4401552396912066, guid: ba1fa4a8c66106b4988c88fe4b8e8502, type: 3}
      propertyPath: m_LocalRotation.x
      value: -0.13005391
      objectReference: {fileID: 0}
    - target: {fileID: 4401552396912066, guid: ba1fa4a8c66106b4988c88fe4b8e8502, type: 3}
      propertyPath: m_LocalRotation.y
      value: 0.58185726
      objectReference: {fileID: 0}
    - target: {fileID: 4401552396912066, guid: ba1fa4a8c66106b4988c88fe4b8e8502, type: 3}
      propertyPath: m_LocalRotation.z
      value: 0.7864519
      objectReference: {fileID: 0}
    - target: {fileID: 4628634613111988, guid: ba1fa4a8c66106b4988c88fe4b8e8502, type: 3}
      propertyPath: m_LocalPosition.x
      value: -0.07215819
      objectReference: {fileID: 0}
    - target: {fileID: 4628634613111988, guid: ba1fa4a8c66106b4988c88fe4b8e8502, type: 3}
      propertyPath: m_LocalPosition.y
      value: 0.013962139
      objectReference: {fileID: 0}
    - target: {fileID: 4628634613111988, guid: ba1fa4a8c66106b4988c88fe4b8e8502, type: 3}
      propertyPath: m_LocalPosition.z
      value: -0.018991696
      objectReference: {fileID: 0}
    - target: {fileID: 4628634613111988, guid: ba1fa4a8c66106b4988c88fe4b8e8502, type: 3}
      propertyPath: m_LocalRotation.w
      value: -0.31257483
      objectReference: {fileID: 0}
    - target: {fileID: 4628634613111988, guid: ba1fa4a8c66106b4988c88fe4b8e8502, type: 3}
      propertyPath: m_LocalRotation.x
      value: 0.5564005
      objectReference: {fileID: 0}
    - target: {fileID: 4628634613111988, guid: ba1fa4a8c66106b4988c88fe4b8e8502, type: 3}
      propertyPath: m_LocalRotation.y
      value: -0.018750928
      objectReference: {fileID: 0}
    - target: {fileID: 4628634613111988, guid: ba1fa4a8c66106b4988c88fe4b8e8502, type: 3}
      propertyPath: m_LocalRotation.z
      value: 0.76965183
      objectReference: {fileID: 0}
    - target: {fileID: 4696325527755606, guid: ba1fa4a8c66106b4988c88fe4b8e8502, type: 3}
      propertyPath: m_LocalRotation.w
      value: 0.87647337
      objectReference: {fileID: 0}
    - target: {fileID: 4696325527755606, guid: ba1fa4a8c66106b4988c88fe4b8e8502, type: 3}
      propertyPath: m_LocalRotation.x
      value: -0.46882802
      objectReference: {fileID: 0}
    - target: {fileID: 4696325527755606, guid: ba1fa4a8c66106b4988c88fe4b8e8502, type: 3}
      propertyPath: m_LocalRotation.y
      value: -0.082201734
      objectReference: {fileID: 0}
    - target: {fileID: 4696325527755606, guid: ba1fa4a8c66106b4988c88fe4b8e8502, type: 3}
      propertyPath: m_LocalRotation.z
      value: 0.072371535
      objectReference: {fileID: 0}
    - target: {fileID: 4791871563660256, guid: ba1fa4a8c66106b4988c88fe4b8e8502, type: 3}
      propertyPath: m_LocalRotation.w
      value: 0.9856573
      objectReference: {fileID: 0}
    - target: {fileID: 4791871563660256, guid: ba1fa4a8c66106b4988c88fe4b8e8502, type: 3}
      propertyPath: m_LocalRotation.x
      value: -1.1889354e-17
      objectReference: {fileID: 0}
    - target: {fileID: 4791871563660256, guid: ba1fa4a8c66106b4988c88fe4b8e8502, type: 3}
      propertyPath: m_LocalRotation.y
      value: 9.652247e-17
      objectReference: {fileID: 0}
    - target: {fileID: 4791871563660256, guid: ba1fa4a8c66106b4988c88fe4b8e8502, type: 3}
      propertyPath: m_LocalRotation.z
      value: -0.16875952
      objectReference: {fileID: 0}
    - target: {fileID: 4999173628799950, guid: ba1fa4a8c66106b4988c88fe4b8e8502, type: 3}
      propertyPath: m_LocalRotation.w
      value: 0.9531038
      objectReference: {fileID: 0}
    - target: {fileID: 4999173628799950, guid: ba1fa4a8c66106b4988c88fe4b8e8502, type: 3}
      propertyPath: m_LocalRotation.x
      value: 0
      objectReference: {fileID: 0}
    - target: {fileID: 4999173628799950, guid: ba1fa4a8c66106b4988c88fe4b8e8502, type: 3}
      propertyPath: m_LocalRotation.y
      value: -0
      objectReference: {fileID: 0}
    - target: {fileID: 4999173628799950, guid: ba1fa4a8c66106b4988c88fe4b8e8502, type: 3}
      propertyPath: m_LocalRotation.z
      value: -0.3026438
      objectReference: {fileID: 0}
    m_RemovedComponents: []
  m_SourcePrefab: {fileID: 100100000, guid: ba1fa4a8c66106b4988c88fe4b8e8502, type: 3}
--- !u!1 &845874219
GameObject:
  m_ObjectHideFlags: 0
  m_CorrespondingSourceObject: {fileID: 0}
  m_PrefabInstance: {fileID: 0}
  m_PrefabAsset: {fileID: 0}
  serializedVersion: 6
  m_Component:
  - component: {fileID: 845874221}
  - component: {fileID: 845874220}
  m_Layer: 0
  m_Name: Point Light
  m_TagString: Untagged
  m_Icon: {fileID: 0}
  m_NavMeshLayer: 0
  m_StaticEditorFlags: 0
  m_IsActive: 1
--- !u!108 &845874220
Light:
  m_ObjectHideFlags: 0
  m_CorrespondingSourceObject: {fileID: 0}
  m_PrefabInstance: {fileID: 0}
  m_PrefabAsset: {fileID: 0}
  m_GameObject: {fileID: 845874219}
  m_Enabled: 1
  serializedVersion: 10
  m_Type: 2
  m_Shape: 0
  m_Color: {r: 1, g: 1, b: 1, a: 1}
  m_Intensity: 1
  m_Range: 10
  m_SpotAngle: 30
  m_InnerSpotAngle: 21.80208
  m_CookieSize: 10
  m_Shadows:
    m_Type: 0
    m_Resolution: -1
    m_CustomResolution: -1
    m_Strength: 1
    m_Bias: 0.05
    m_NormalBias: 0.4
    m_NearPlane: 0.2
    m_CullingMatrixOverride:
      e00: 1
      e01: 0
      e02: 0
      e03: 0
      e10: 0
      e11: 1
      e12: 0
      e13: 0
      e20: 0
      e21: 0
      e22: 1
      e23: 0
      e30: 0
      e31: 0
      e32: 0
      e33: 1
    m_UseCullingMatrixOverride: 0
  m_Cookie: {fileID: 0}
  m_DrawHalo: 0
  m_Flare: {fileID: 0}
  m_RenderMode: 0
  m_CullingMask:
    serializedVersion: 2
    m_Bits: 4294967295
  m_RenderingLayerMask: 1
  m_Lightmapping: 4
  m_LightShadowCasterMode: 0
  m_AreaSize: {x: 1, y: 1}
  m_BounceIntensity: 1
  m_ColorTemperature: 6570
  m_UseColorTemperature: 0
  m_BoundingSphereOverride: {x: 0, y: 0, z: 0, w: 0}
  m_UseBoundingSphereOverride: 0
  m_ShadowRadius: 0
  m_ShadowAngle: 0
--- !u!4 &845874221
Transform:
  m_ObjectHideFlags: 0
  m_CorrespondingSourceObject: {fileID: 0}
  m_PrefabInstance: {fileID: 0}
  m_PrefabAsset: {fileID: 0}
  m_GameObject: {fileID: 845874219}
  m_LocalRotation: {x: 0, y: 0, z: 0, w: 1}
  m_LocalPosition: {x: -2511.39, y: 5.99, z: 0}
  m_LocalScale: {x: 1, y: 1, z: 1}
  m_Children: []
  m_Father: {fileID: 0}
  m_RootOrder: 6
  m_LocalEulerAnglesHint: {x: 0, y: 0, z: 0}
--- !u!1 &1163985769 stripped
GameObject:
  m_CorrespondingSourceObject: {fileID: 100002, guid: 126d619cf4daa52469682f85c1378b4a, type: 3}
  m_PrefabInstance: {fileID: 311138755}
  m_PrefabAsset: {fileID: 0}
--- !u!82 &1163985773
AudioSource:
  m_ObjectHideFlags: 0
  m_CorrespondingSourceObject: {fileID: 0}
  m_PrefabInstance: {fileID: 0}
  m_PrefabAsset: {fileID: 0}
  m_GameObject: {fileID: 1163985769}
  m_Enabled: 1
  serializedVersion: 4
  OutputAudioMixerGroup: {fileID: 0}
  m_audioClip: {fileID: 8300000, guid: cf605c40b2b46b24bbad1f214a1b19a5, type: 3}
  m_PlayOnAwake: 1
  m_Volume: 0.839
  m_Pitch: 1
  Loop: 0
  Mute: 0
  Spatialize: 0
  SpatializePostEffects: 0
  Priority: 128
  DopplerLevel: 1
  MinDistance: 1
  MaxDistance: 500
  Pan2D: 0
  rolloffMode: 0
  BypassEffects: 0
  BypassListenerEffects: 0
  BypassReverbZones: 0
  rolloffCustomCurve:
    serializedVersion: 2
    m_Curve:
    - serializedVersion: 3
      time: 0
      value: 1
      inSlope: 0
      outSlope: 0
      tangentMode: 0
      weightedMode: 0
      inWeight: 0.33333334
      outWeight: 0.33333334
    - serializedVersion: 3
      time: 1
      value: 0
      inSlope: 0
      outSlope: 0
      tangentMode: 0
      weightedMode: 0
      inWeight: 0.33333334
      outWeight: 0.33333334
    m_PreInfinity: 2
    m_PostInfinity: 2
    m_RotationOrder: 4
  panLevelCustomCurve:
    serializedVersion: 2
    m_Curve:
    - serializedVersion: 3
      time: 0
      value: 0
      inSlope: 0
      outSlope: 0
      tangentMode: 0
      weightedMode: 0
      inWeight: 0.33333334
      outWeight: 0.33333334
    m_PreInfinity: 2
    m_PostInfinity: 2
    m_RotationOrder: 4
  spreadCustomCurve:
    serializedVersion: 2
    m_Curve:
    - serializedVersion: 3
      time: 0
      value: 0
      inSlope: 0
      outSlope: 0
      tangentMode: 0
      weightedMode: 0
      inWeight: 0.33333334
      outWeight: 0.33333334
    m_PreInfinity: 2
    m_PostInfinity: 2
    m_RotationOrder: 4
  reverbZoneMixCustomCurve:
    serializedVersion: 2
    m_Curve:
    - serializedVersion: 3
      time: 0
      value: 1
      inSlope: 0
      outSlope: 0
      tangentMode: 0
      weightedMode: 0
      inWeight: 0.33333334
      outWeight: 0.33333334
    m_PreInfinity: 2
    m_PostInfinity: 2
    m_RotationOrder: 4
--- !u!4 &1228154103 stripped
Transform:
  m_CorrespondingSourceObject: {fileID: 487254, guid: 126d619cf4daa52469682f85c1378b4a, type: 3}
  m_PrefabInstance: {fileID: 311138755}
  m_PrefabAsset: {fileID: 0}
--- !u!1 &1304873794
GameObject:
  m_ObjectHideFlags: 0
  m_CorrespondingSourceObject: {fileID: 0}
  m_PrefabInstance: {fileID: 0}
  m_PrefabAsset: {fileID: 0}
  serializedVersion: 6
  m_Component:
  - component: {fileID: 1304873795}
  - component: {fileID: 1304873797}
  - component: {fileID: 1304873796}
  m_Layer: 5
  m_Name: Image
  m_TagString: Untagged
  m_Icon: {fileID: 0}
  m_NavMeshLayer: 0
  m_StaticEditorFlags: 0
  m_IsActive: 1
--- !u!224 &1304873795
RectTransform:
  m_ObjectHideFlags: 0
  m_CorrespondingSourceObject: {fileID: 0}
  m_PrefabInstance: {fileID: 0}
  m_PrefabAsset: {fileID: 0}
  m_GameObject: {fileID: 1304873794}
  m_LocalRotation: {x: 0.29044902, y: -0.009680849, z: 0.03187443, w: 0.95631045}
  m_LocalPosition: {x: 0, y: 0, z: -2.08}
  m_LocalScale: {x: 0.05, y: 0.05, z: 0.05}
  m_Children: []
  m_Father: {fileID: 1320965776}
  m_RootOrder: 1
  m_LocalEulerAnglesHint: {x: 33.789, y: 0, z: 3.818}
  m_AnchorMin: {x: 0.5, y: 0.5}
  m_AnchorMax: {x: 0.5, y: 0.5}
  m_AnchoredPosition: {x: 3.89, y: -2.32}
  m_SizeDelta: {x: 100, y: 100}
  m_Pivot: {x: 0.5, y: 0.5}
--- !u!114 &1304873796
MonoBehaviour:
  m_ObjectHideFlags: 0
  m_CorrespondingSourceObject: {fileID: 0}
  m_PrefabInstance: {fileID: 0}
  m_PrefabAsset: {fileID: 0}
  m_GameObject: {fileID: 1304873794}
  m_Enabled: 1
  m_EditorHideFlags: 0
  m_Script: {fileID: 11500000, guid: fe87c0e1cc204ed48ad3b37840f39efc, type: 3}
  m_Name: 
  m_EditorClassIdentifier: 
  m_Material: {fileID: 0}
  m_Color: {r: 1, g: 1, b: 1, a: 0}
  m_RaycastTarget: 1
  m_RaycastPadding: {x: 0, y: 0, z: 0, w: 0}
  m_Maskable: 1
  m_OnCullStateChanged:
    m_PersistentCalls:
      m_Calls: []
  m_Sprite: {fileID: 21300000, guid: dfa2a60e65802044ebd86e8fd1736a58, type: 3}
  m_Type: 0
  m_PreserveAspect: 0
  m_FillCenter: 1
  m_FillMethod: 4
  m_FillAmount: 1
  m_FillClockwise: 1
  m_FillOrigin: 0
  m_UseSpriteMesh: 0
  m_PixelsPerUnitMultiplier: 1
--- !u!222 &1304873797
CanvasRenderer:
  m_ObjectHideFlags: 0
  m_CorrespondingSourceObject: {fileID: 0}
  m_PrefabInstance: {fileID: 0}
  m_PrefabAsset: {fileID: 0}
  m_GameObject: {fileID: 1304873794}
  m_CullTransparentMesh: 0
--- !u!1 &1320965771
GameObject:
  m_ObjectHideFlags: 0
  m_CorrespondingSourceObject: {fileID: 0}
  m_PrefabInstance: {fileID: 0}
  m_PrefabAsset: {fileID: 0}
  serializedVersion: 6
  m_Component:
  - component: {fileID: 1320965776}
  - component: {fileID: 1320965775}
  - component: {fileID: 1320965774}
  - component: {fileID: 1320965773}
  - component: {fileID: 1320965772}
  - component: {fileID: 1320965777}
  m_Layer: 5
  m_Name: Canvas
  m_TagString: Untagged
  m_Icon: {fileID: 0}
  m_NavMeshLayer: 0
  m_StaticEditorFlags: 0
  m_IsActive: 1
--- !u!95 &1320965772
Animator:
  serializedVersion: 3
  m_ObjectHideFlags: 0
  m_CorrespondingSourceObject: {fileID: 0}
  m_PrefabInstance: {fileID: 0}
  m_PrefabAsset: {fileID: 0}
  m_GameObject: {fileID: 1320965771}
  m_Enabled: 1
  m_Avatar: {fileID: 0}
  m_Controller: {fileID: 9100000, guid: 2d7c7b447722aa342b47624fb13c8194, type: 2}
  m_CullingMode: 0
  m_UpdateMode: 0
  m_ApplyRootMotion: 0
  m_LinearVelocityBlending: 0
  m_WarningMessage: 
  m_HasTransformHierarchy: 1
  m_AllowConstantClipSamplingOptimization: 1
  m_KeepAnimatorControllerStateOnDisable: 0
--- !u!114 &1320965773
MonoBehaviour:
  m_ObjectHideFlags: 0
  m_CorrespondingSourceObject: {fileID: 0}
  m_PrefabInstance: {fileID: 0}
  m_PrefabAsset: {fileID: 0}
  m_GameObject: {fileID: 1320965771}
  m_Enabled: 1
  m_EditorHideFlags: 0
  m_Script: {fileID: 11500000, guid: dc42784cf147c0c48a680349fa168899, type: 3}
  m_Name: 
  m_EditorClassIdentifier: 
  m_IgnoreReversedGraphics: 1
  m_BlockingObjects: 0
  m_BlockingMask:
    serializedVersion: 2
    m_Bits: 4294967295
--- !u!114 &1320965774
MonoBehaviour:
  m_ObjectHideFlags: 0
  m_CorrespondingSourceObject: {fileID: 0}
  m_PrefabInstance: {fileID: 0}
  m_PrefabAsset: {fileID: 0}
  m_GameObject: {fileID: 1320965771}
  m_Enabled: 1
  m_EditorHideFlags: 0
  m_Script: {fileID: 11500000, guid: 0cd44c1031e13a943bb63640046fad76, type: 3}
  m_Name: 
  m_EditorClassIdentifier: 
  m_UiScaleMode: 0
  m_ReferencePixelsPerUnit: 100
  m_ScaleFactor: 1
  m_ReferenceResolution: {x: 800, y: 600}
  m_ScreenMatchMode: 0
  m_MatchWidthOrHeight: 0
  m_PhysicalUnit: 3
  m_FallbackScreenDPI: 96
  m_DefaultSpriteDPI: 96
  m_DynamicPixelsPerUnit: 1
--- !u!223 &1320965775
Canvas:
  m_ObjectHideFlags: 0
  m_CorrespondingSourceObject: {fileID: 0}
  m_PrefabInstance: {fileID: 0}
  m_PrefabAsset: {fileID: 0}
  m_GameObject: {fileID: 1320965771}
  m_Enabled: 1
  serializedVersion: 3
  m_RenderMode: 2
  m_Camera: {fileID: 0}
  m_PlaneDistance: 100
  m_PixelPerfect: 0
  m_ReceivesEvents: 1
  m_OverrideSorting: 0
  m_OverridePixelPerfect: 0
  m_SortingBucketNormalizedSize: 0
  m_AdditionalShaderChannelsFlag: 0
  m_SortingLayerID: 0
  m_SortingOrder: 0
  m_TargetDisplay: 0
--- !u!224 &1320965776
RectTransform:
  m_ObjectHideFlags: 0
  m_CorrespondingSourceObject: {fileID: 0}
  m_PrefabInstance: {fileID: 0}
  m_PrefabAsset: {fileID: 0}
  m_GameObject: {fileID: 1320965771}
  m_LocalRotation: {x: 0, y: 0.7071068, z: 0, w: 0.7071068}
  m_LocalPosition: {x: 0, y: 0, z: 0.05}
  m_LocalScale: {x: 0.1, y: 0.1, z: 0.1}
  m_Children:
  - {fileID: 457479041}
  - {fileID: 1304873795}
  m_Father: {fileID: 0}
  m_RootOrder: 7
  m_LocalEulerAnglesHint: {x: 0, y: 90, z: 0}
  m_AnchorMin: {x: 0, y: 0}
  m_AnchorMax: {x: 0, y: 0}
  m_AnchoredPosition: {x: -2511.14, y: 3.42}
  m_SizeDelta: {x: 100, y: 30}
  m_Pivot: {x: 0.5, y: 0.5}
--- !u!114 &1320965777
MonoBehaviour:
  m_ObjectHideFlags: 0
  m_CorrespondingSourceObject: {fileID: 0}
  m_PrefabInstance: {fileID: 0}
  m_PrefabAsset: {fileID: 0}
  m_GameObject: {fileID: 1320965771}
  m_Enabled: 1
  m_EditorHideFlags: 0
  m_Script: {fileID: 11500000, guid: fc77ef162712fde48b8ee66c3b594171, type: 3}
  m_Name: 
  m_EditorClassIdentifier: 
  text: {fileID: 457479040}
  image: {fileID: 1304873794}
--- !u!1001 &1486964253
PrefabInstance:
  m_ObjectHideFlags: 0
  serializedVersion: 2
  m_Modification:
    m_TransformParent: {fileID: 504854187}
    m_Modifications:
    - target: {fileID: 143668, guid: e6ba3498ffa1e534b91a07264266e6b8, type: 3}
      propertyPath: m_Name
      value: CustomHandLeft
      objectReference: {fileID: 0}
    - target: {fileID: 414912, guid: e6ba3498ffa1e534b91a07264266e6b8, type: 3}
      propertyPath: m_RootOrder
      value: 1
      objectReference: {fileID: 0}
    - target: {fileID: 414912, guid: e6ba3498ffa1e534b91a07264266e6b8, type: 3}
      propertyPath: m_LocalPosition.x
      value: 0
      objectReference: {fileID: 0}
    - target: {fileID: 414912, guid: e6ba3498ffa1e534b91a07264266e6b8, type: 3}
      propertyPath: m_LocalPosition.y
      value: -0
      objectReference: {fileID: 0}
    - target: {fileID: 414912, guid: e6ba3498ffa1e534b91a07264266e6b8, type: 3}
      propertyPath: m_LocalPosition.z
      value: 0
      objectReference: {fileID: 0}
    - target: {fileID: 414912, guid: e6ba3498ffa1e534b91a07264266e6b8, type: 3}
      propertyPath: m_LocalRotation.w
      value: 0.7071067
      objectReference: {fileID: 0}
    - target: {fileID: 414912, guid: e6ba3498ffa1e534b91a07264266e6b8, type: 3}
      propertyPath: m_LocalRotation.x
      value: -0
      objectReference: {fileID: 0}
    - target: {fileID: 414912, guid: e6ba3498ffa1e534b91a07264266e6b8, type: 3}
      propertyPath: m_LocalRotation.y
      value: -0
      objectReference: {fileID: 0}
    - target: {fileID: 414912, guid: e6ba3498ffa1e534b91a07264266e6b8, type: 3}
      propertyPath: m_LocalRotation.z
      value: 0.7071068
      objectReference: {fileID: 0}
    - target: {fileID: 414912, guid: e6ba3498ffa1e534b91a07264266e6b8, type: 3}
      propertyPath: m_LocalEulerAnglesHint.x
      value: 0
      objectReference: {fileID: 0}
    - target: {fileID: 414912, guid: e6ba3498ffa1e534b91a07264266e6b8, type: 3}
      propertyPath: m_LocalEulerAnglesHint.y
      value: 0
      objectReference: {fileID: 0}
    - target: {fileID: 414912, guid: e6ba3498ffa1e534b91a07264266e6b8, type: 3}
      propertyPath: m_LocalEulerAnglesHint.z
      value: 90
      objectReference: {fileID: 0}
    - target: {fileID: 4052156782627076, guid: e6ba3498ffa1e534b91a07264266e6b8, type: 3}
      propertyPath: m_LocalRotation.w
      value: 0.2381234
      objectReference: {fileID: 0}
    - target: {fileID: 4052156782627076, guid: e6ba3498ffa1e534b91a07264266e6b8, type: 3}
      propertyPath: m_LocalRotation.x
      value: -0.0064993068
      objectReference: {fileID: 0}
    - target: {fileID: 4052156782627076, guid: e6ba3498ffa1e534b91a07264266e6b8, type: 3}
      propertyPath: m_LocalRotation.y
      value: -0.06399098
      objectReference: {fileID: 0}
    - target: {fileID: 4052156782627076, guid: e6ba3498ffa1e534b91a07264266e6b8, type: 3}
      propertyPath: m_LocalRotation.z
      value: 0.9691028
      objectReference: {fileID: 0}
    - target: {fileID: 4054070274736876, guid: e6ba3498ffa1e534b91a07264266e6b8, type: 3}
      propertyPath: m_LocalRotation.w
      value: 0.1613121
      objectReference: {fileID: 0}
    - target: {fileID: 4054070274736876, guid: e6ba3498ffa1e534b91a07264266e6b8, type: 3}
      propertyPath: m_LocalRotation.x
      value: -0.13005391
      objectReference: {fileID: 0}
    - target: {fileID: 4054070274736876, guid: e6ba3498ffa1e534b91a07264266e6b8, type: 3}
      propertyPath: m_LocalRotation.y
      value: 0.58185726
      objectReference: {fileID: 0}
    - target: {fileID: 4054070274736876, guid: e6ba3498ffa1e534b91a07264266e6b8, type: 3}
      propertyPath: m_LocalRotation.z
      value: 0.7864519
      objectReference: {fileID: 0}
    - target: {fileID: 4148625194999036, guid: e6ba3498ffa1e534b91a07264266e6b8, type: 3}
      propertyPath: m_LocalRotation.w
      value: 0.95336753
      objectReference: {fileID: 0}
    - target: {fileID: 4148625194999036, guid: e6ba3498ffa1e534b91a07264266e6b8, type: 3}
      propertyPath: m_LocalRotation.x
      value: 3.9198154e-17
      objectReference: {fileID: 0}
    - target: {fileID: 4148625194999036, guid: e6ba3498ffa1e534b91a07264266e6b8, type: 3}
      propertyPath: m_LocalRotation.y
      value: 1.05937676e-16
      objectReference: {fileID: 0}
    - target: {fileID: 4148625194999036, guid: e6ba3498ffa1e534b91a07264266e6b8, type: 3}
      propertyPath: m_LocalRotation.z
      value: -0.30181184
      objectReference: {fileID: 0}
    - target: {fileID: 4370068675422542, guid: e6ba3498ffa1e534b91a07264266e6b8, type: 3}
      propertyPath: m_LocalRotation.w
      value: 0.16772924
      objectReference: {fileID: 0}
    - target: {fileID: 4370068675422542, guid: e6ba3498ffa1e534b91a07264266e6b8, type: 3}
      propertyPath: m_LocalRotation.x
      value: -0.13000861
      objectReference: {fileID: 0}
    - target: {fileID: 4370068675422542, guid: e6ba3498ffa1e534b91a07264266e6b8, type: 3}
      propertyPath: m_LocalRotation.y
      value: 0.5139557
      objectReference: {fileID: 0}
    - target: {fileID: 4370068675422542, guid: e6ba3498ffa1e534b91a07264266e6b8, type: 3}
      propertyPath: m_LocalRotation.z
      value: 0.8311523
      objectReference: {fileID: 0}
    - target: {fileID: 4385739691308552, guid: e6ba3498ffa1e534b91a07264266e6b8, type: 3}
      propertyPath: m_LocalRotation.w
      value: 0.87647337
      objectReference: {fileID: 0}
    - target: {fileID: 4385739691308552, guid: e6ba3498ffa1e534b91a07264266e6b8, type: 3}
      propertyPath: m_LocalRotation.x
      value: -0.46882802
      objectReference: {fileID: 0}
    - target: {fileID: 4385739691308552, guid: e6ba3498ffa1e534b91a07264266e6b8, type: 3}
      propertyPath: m_LocalRotation.y
      value: -0.082201734
      objectReference: {fileID: 0}
    - target: {fileID: 4385739691308552, guid: e6ba3498ffa1e534b91a07264266e6b8, type: 3}
      propertyPath: m_LocalRotation.z
      value: 0.072371535
      objectReference: {fileID: 0}
    - target: {fileID: 4484046157594982, guid: e6ba3498ffa1e534b91a07264266e6b8, type: 3}
      propertyPath: m_LocalPosition.x
      value: 0.07215819
      objectReference: {fileID: 0}
    - target: {fileID: 4484046157594982, guid: e6ba3498ffa1e534b91a07264266e6b8, type: 3}
      propertyPath: m_LocalPosition.y
      value: -0.013962139
      objectReference: {fileID: 0}
    - target: {fileID: 4484046157594982, guid: e6ba3498ffa1e534b91a07264266e6b8, type: 3}
      propertyPath: m_LocalPosition.z
      value: 0.018991696
      objectReference: {fileID: 0}
    - target: {fileID: 4516639482691862, guid: e6ba3498ffa1e534b91a07264266e6b8, type: 3}
      propertyPath: m_LocalRotation.w
      value: 0.95884395
      objectReference: {fileID: 0}
    - target: {fileID: 4516639482691862, guid: e6ba3498ffa1e534b91a07264266e6b8, type: 3}
      propertyPath: m_LocalRotation.x
      value: -1.4914412e-16
      objectReference: {fileID: 0}
    - target: {fileID: 4516639482691862, guid: e6ba3498ffa1e534b91a07264266e6b8, type: 3}
      propertyPath: m_LocalRotation.y
      value: -7.695947e-17
      objectReference: {fileID: 0}
    - target: {fileID: 4516639482691862, guid: e6ba3498ffa1e534b91a07264266e6b8, type: 3}
      propertyPath: m_LocalRotation.z
      value: -0.28393373
      objectReference: {fileID: 0}
    - target: {fileID: 4680401988545086, guid: e6ba3498ffa1e534b91a07264266e6b8, type: 3}
      propertyPath: m_LocalRotation.w
      value: 0.99095535
      objectReference: {fileID: 0}
    - target: {fileID: 4680401988545086, guid: e6ba3498ffa1e534b91a07264266e6b8, type: 3}
      propertyPath: m_LocalRotation.x
      value: 1.8057434e-16
      objectReference: {fileID: 0}
    - target: {fileID: 4680401988545086, guid: e6ba3498ffa1e534b91a07264266e6b8, type: 3}
      propertyPath: m_LocalRotation.y
      value: -5.4978305e-17
      objectReference: {fileID: 0}
    - target: {fileID: 4680401988545086, guid: e6ba3498ffa1e534b91a07264266e6b8, type: 3}
      propertyPath: m_LocalRotation.z
      value: -0.13419232
      objectReference: {fileID: 0}
    - target: {fileID: 4749752591977914, guid: e6ba3498ffa1e534b91a07264266e6b8, type: 3}
      propertyPath: m_LocalRotation.w
      value: 0.9531038
      objectReference: {fileID: 0}
    - target: {fileID: 4749752591977914, guid: e6ba3498ffa1e534b91a07264266e6b8, type: 3}
      propertyPath: m_LocalRotation.x
      value: -5.3545114e-16
      objectReference: {fileID: 0}
    - target: {fileID: 4749752591977914, guid: e6ba3498ffa1e534b91a07264266e6b8, type: 3}
      propertyPath: m_LocalRotation.y
      value: 2.2175288e-16
      objectReference: {fileID: 0}
    - target: {fileID: 4749752591977914, guid: e6ba3498ffa1e534b91a07264266e6b8, type: 3}
      propertyPath: m_LocalRotation.z
      value: -0.3026438
      objectReference: {fileID: 0}
    - target: {fileID: 4911586161859456, guid: e6ba3498ffa1e534b91a07264266e6b8, type: 3}
      propertyPath: m_LocalRotation.w
      value: 0.9856573
      objectReference: {fileID: 0}
    - target: {fileID: 4911586161859456, guid: e6ba3498ffa1e534b91a07264266e6b8, type: 3}
      propertyPath: m_LocalRotation.x
      value: -1.7173844e-16
      objectReference: {fileID: 0}
    - target: {fileID: 4911586161859456, guid: e6ba3498ffa1e534b91a07264266e6b8, type: 3}
      propertyPath: m_LocalRotation.y
      value: -3.0526652e-16
      objectReference: {fileID: 0}
    - target: {fileID: 4911586161859456, guid: e6ba3498ffa1e534b91a07264266e6b8, type: 3}
      propertyPath: m_LocalRotation.z
      value: -0.16875952
      objectReference: {fileID: 0}
    - target: {fileID: 4963092094867852, guid: e6ba3498ffa1e534b91a07264266e6b8, type: 3}
      propertyPath: m_LocalRotation.w
      value: 0.9914793
      objectReference: {fileID: 0}
    - target: {fileID: 4963092094867852, guid: e6ba3498ffa1e534b91a07264266e6b8, type: 3}
      propertyPath: m_LocalRotation.x
      value: -2.4858585e-16
      objectReference: {fileID: 0}
    - target: {fileID: 4963092094867852, guid: e6ba3498ffa1e534b91a07264266e6b8, type: 3}
      propertyPath: m_LocalRotation.y
      value: 3.7088744e-17
      objectReference: {fileID: 0}
    - target: {fileID: 4963092094867852, guid: e6ba3498ffa1e534b91a07264266e6b8, type: 3}
      propertyPath: m_LocalRotation.z
      value: -0.1302646
      objectReference: {fileID: 0}
    m_RemovedComponents: []
  m_SourcePrefab: {fileID: 100100000, guid: e6ba3498ffa1e534b91a07264266e6b8, type: 3}
--- !u!1001 &1638043318
PrefabInstance:
  m_ObjectHideFlags: 0
  serializedVersion: 2
  m_Modification:
    m_TransformParent: {fileID: 0}
    m_Modifications:
    - target: {fileID: 114678, guid: d1645a990ba468f4bbcb7afd827c8463, type: 3}
      propertyPath: m_Name
      value: Earth_16K_linear
      objectReference: {fileID: 0}
    - target: {fileID: 498234, guid: d1645a990ba468f4bbcb7afd827c8463, type: 3}
      propertyPath: m_RootOrder
      value: 3
      objectReference: {fileID: 0}
    - target: {fileID: 498234, guid: d1645a990ba468f4bbcb7afd827c8463, type: 3}
      propertyPath: m_LocalPosition.x
      value: -0.31831235
      objectReference: {fileID: 0}
    - target: {fileID: 498234, guid: d1645a990ba468f4bbcb7afd827c8463, type: 3}
      propertyPath: m_LocalPosition.y
      value: -3.3070827
      objectReference: {fileID: 0}
    - target: {fileID: 498234, guid: d1645a990ba468f4bbcb7afd827c8463, type: 3}
      propertyPath: m_LocalPosition.z
      value: -2706
      objectReference: {fileID: 0}
    - target: {fileID: 498234, guid: d1645a990ba468f4bbcb7afd827c8463, type: 3}
      propertyPath: m_LocalRotation.w
      value: -0.4869232
      objectReference: {fileID: 0}
    - target: {fileID: 498234, guid: d1645a990ba468f4bbcb7afd827c8463, type: 3}
      propertyPath: m_LocalRotation.x
      value: 0.64875644
      objectReference: {fileID: 0}
    - target: {fileID: 498234, guid: d1645a990ba468f4bbcb7afd827c8463, type: 3}
      propertyPath: m_LocalRotation.y
      value: 0.5437108
      objectReference: {fileID: 0}
    - target: {fileID: 498234, guid: d1645a990ba468f4bbcb7afd827c8463, type: 3}
      propertyPath: m_LocalRotation.z
      value: 0.21540532
      objectReference: {fileID: 0}
    - target: {fileID: 498234, guid: d1645a990ba468f4bbcb7afd827c8463, type: 3}
      propertyPath: m_LocalEulerAnglesHint.x
      value: -60
      objectReference: {fileID: 0}
    - target: {fileID: 498234, guid: d1645a990ba468f4bbcb7afd827c8463, type: 3}
      propertyPath: m_LocalEulerAnglesHint.y
      value: -150
      objectReference: {fileID: 0}
    - target: {fileID: 498234, guid: d1645a990ba468f4bbcb7afd827c8463, type: 3}
      propertyPath: m_LocalEulerAnglesHint.z
      value: 82.481
      objectReference: {fileID: 0}
    - target: {fileID: 11448278, guid: d1645a990ba468f4bbcb7afd827c8463, type: 3}
      propertyPath: m_sun
      value: 
      objectReference: {fileID: 726218543}
    m_RemovedComponents: []
  m_SourcePrefab: {fileID: 100100000, guid: d1645a990ba468f4bbcb7afd827c8463, type: 3}
--- !u!1 &1801163063
GameObject:
  m_ObjectHideFlags: 0
  m_CorrespondingSourceObject: {fileID: 0}
  m_PrefabInstance: {fileID: 0}
  m_PrefabAsset: {fileID: 0}
  serializedVersion: 6
  m_Component:
  - component: {fileID: 1801163064}
  - component: {fileID: 1801163066}
  - component: {fileID: 1801163065}
  - component: {fileID: 1801163067}
  m_Layer: 5
  m_Name: Image
  m_TagString: Untagged
  m_Icon: {fileID: 0}
  m_NavMeshLayer: 0
  m_StaticEditorFlags: 0
  m_IsActive: 1
--- !u!224 &1801163064
RectTransform:
  m_ObjectHideFlags: 0
  m_CorrespondingSourceObject: {fileID: 0}
  m_PrefabInstance: {fileID: 0}
  m_PrefabAsset: {fileID: 0}
  m_GameObject: {fileID: 1801163063}
  m_LocalRotation: {x: 0.010639743, y: -0.016049655, z: 0.00017078967, w: 0.99981457}
  m_LocalPosition: {x: 0, y: 0, z: 0.4000926}
  m_LocalScale: {x: 1, y: 1, z: 1}
  m_Children: []
  m_Father: {fileID: 536281743}
  m_RootOrder: 0
  m_LocalEulerAnglesHint: {x: 1.219, y: -1.839, z: 0}
  m_AnchorMin: {x: 0.5, y: 0.5}
  m_AnchorMax: {x: 0.5, y: 0.5}
  m_AnchoredPosition: {x: -2.900003, y: 7.4000463}
  m_SizeDelta: {x: 32, y: 19}
  m_Pivot: {x: 0.5, y: 0.5}
--- !u!114 &1801163065
MonoBehaviour:
  m_ObjectHideFlags: 0
  m_CorrespondingSourceObject: {fileID: 0}
  m_PrefabInstance: {fileID: 0}
  m_PrefabAsset: {fileID: 0}
  m_GameObject: {fileID: 1801163063}
  m_Enabled: 1
  m_EditorHideFlags: 0
  m_Script: {fileID: 11500000, guid: fe87c0e1cc204ed48ad3b37840f39efc, type: 3}
  m_Name: 
  m_EditorClassIdentifier: 
  m_Material: {fileID: 0}
  m_Color: {r: 0, g: 0, b: 0, a: 1}
  m_RaycastTarget: 1
  m_RaycastPadding: {x: 0, y: 0, z: 0, w: 0}
  m_Maskable: 1
  m_OnCullStateChanged:
    m_PersistentCalls:
      m_Calls: []
  m_Sprite: {fileID: 0}
  m_Type: 0
  m_PreserveAspect: 0
  m_FillCenter: 1
  m_FillMethod: 4
  m_FillAmount: 1
  m_FillClockwise: 1
  m_FillOrigin: 0
  m_UseSpriteMesh: 0
  m_PixelsPerUnitMultiplier: 1
--- !u!222 &1801163066
CanvasRenderer:
  m_ObjectHideFlags: 0
  m_CorrespondingSourceObject: {fileID: 0}
  m_PrefabInstance: {fileID: 0}
  m_PrefabAsset: {fileID: 0}
  m_GameObject: {fileID: 1801163063}
  m_CullTransparentMesh: 0
--- !u!82 &1801163067
AudioSource:
  m_ObjectHideFlags: 0
  m_CorrespondingSourceObject: {fileID: 0}
  m_PrefabInstance: {fileID: 0}
  m_PrefabAsset: {fileID: 0}
  m_GameObject: {fileID: 1801163063}
  m_Enabled: 1
  serializedVersion: 4
  OutputAudioMixerGroup: {fileID: 0}
  m_audioClip: {fileID: 8300000, guid: c382b0ce2465c5643aa0fa3cc1aee973, type: 3}
  m_PlayOnAwake: 1
  m_Volume: 0.363
  m_Pitch: 1
  Loop: 1
  Mute: 0
  Spatialize: 0
  SpatializePostEffects: 0
  Priority: 128
  DopplerLevel: 1
  MinDistance: 1
  MaxDistance: 500
  Pan2D: 0
  rolloffMode: 0
  BypassEffects: 0
  BypassListenerEffects: 0
  BypassReverbZones: 0
  rolloffCustomCurve:
    serializedVersion: 2
    m_Curve:
    - serializedVersion: 3
      time: 0
      value: 1
      inSlope: 0
      outSlope: 0
      tangentMode: 0
      weightedMode: 0
      inWeight: 0.33333334
      outWeight: 0.33333334
    - serializedVersion: 3
      time: 1
      value: 0
      inSlope: 0
      outSlope: 0
      tangentMode: 0
      weightedMode: 0
      inWeight: 0.33333334
      outWeight: 0.33333334
    m_PreInfinity: 2
    m_PostInfinity: 2
    m_RotationOrder: 4
  panLevelCustomCurve:
    serializedVersion: 2
    m_Curve:
    - serializedVersion: 3
      time: 0
      value: 1
      inSlope: 0
      outSlope: 0
      tangentMode: 0
      weightedMode: 0
      inWeight: 0.33333334
      outWeight: 0.33333334
    m_PreInfinity: 2
    m_PostInfinity: 2
    m_RotationOrder: 4
  spreadCustomCurve:
    serializedVersion: 2
    m_Curve:
    - serializedVersion: 3
      time: 0
      value: 0
      inSlope: 0
      outSlope: 0
      tangentMode: 0
      weightedMode: 0
      inWeight: 0.33333334
      outWeight: 0.33333334
    m_PreInfinity: 2
    m_PostInfinity: 2
    m_RotationOrder: 4
  reverbZoneMixCustomCurve:
    serializedVersion: 2
    m_Curve:
    - serializedVersion: 3
      time: 0
      value: 1
      inSlope: 0
      outSlope: 0
      tangentMode: 0
      weightedMode: 0
      inWeight: 0.33333334
      outWeight: 0.33333334
    m_PreInfinity: 2
    m_PostInfinity: 2
    m_RotationOrder: 4
--- !u!1001 &1934864045
PrefabInstance:
  m_ObjectHideFlags: 0
  serializedVersion: 2
  m_Modification:
    m_TransformParent: {fileID: 1228154103}
    m_Modifications:
    - target: {fileID: 1000011629385226, guid: fa4a34fb8bbe14649bca25aee46a5f4e, type: 3}
      propertyPath: m_Name
      value: RightControllerPf
      objectReference: {fileID: 0}
    - target: {fileID: 4000011273785460, guid: fa4a34fb8bbe14649bca25aee46a5f4e, type: 3}
      propertyPath: m_LocalEulerAnglesHint.x
      value: 6.4475584
      objectReference: {fileID: 0}
    - target: {fileID: 4000011273785460, guid: fa4a34fb8bbe14649bca25aee46a5f4e, type: 3}
      propertyPath: m_LocalEulerAnglesHint.y
      value: 6.70707
      objectReference: {fileID: 0}
    - target: {fileID: 4000011273785460, guid: fa4a34fb8bbe14649bca25aee46a5f4e, type: 3}
      propertyPath: m_LocalEulerAnglesHint.z
      value: 0.91577536
      objectReference: {fileID: 0}
    - target: {fileID: 4000011837718206, guid: fa4a34fb8bbe14649bca25aee46a5f4e, type: 3}
      propertyPath: m_RootOrder
      value: 2
      objectReference: {fileID: 0}
    - target: {fileID: 4000011837718206, guid: fa4a34fb8bbe14649bca25aee46a5f4e, type: 3}
      propertyPath: m_LocalPosition.x
      value: 0
      objectReference: {fileID: 0}
    - target: {fileID: 4000011837718206, guid: fa4a34fb8bbe14649bca25aee46a5f4e, type: 3}
      propertyPath: m_LocalPosition.y
      value: 0
      objectReference: {fileID: 0}
    - target: {fileID: 4000011837718206, guid: fa4a34fb8bbe14649bca25aee46a5f4e, type: 3}
      propertyPath: m_LocalPosition.z
      value: 0
      objectReference: {fileID: 0}
    - target: {fileID: 4000011837718206, guid: fa4a34fb8bbe14649bca25aee46a5f4e, type: 3}
      propertyPath: m_LocalRotation.w
      value: 1
      objectReference: {fileID: 0}
    - target: {fileID: 4000011837718206, guid: fa4a34fb8bbe14649bca25aee46a5f4e, type: 3}
      propertyPath: m_LocalRotation.x
      value: -0
      objectReference: {fileID: 0}
    - target: {fileID: 4000011837718206, guid: fa4a34fb8bbe14649bca25aee46a5f4e, type: 3}
      propertyPath: m_LocalRotation.y
      value: -0
      objectReference: {fileID: 0}
    - target: {fileID: 4000011837718206, guid: fa4a34fb8bbe14649bca25aee46a5f4e, type: 3}
      propertyPath: m_LocalRotation.z
      value: -0
      objectReference: {fileID: 0}
    - target: {fileID: 4000011837718206, guid: fa4a34fb8bbe14649bca25aee46a5f4e, type: 3}
      propertyPath: m_LocalEulerAnglesHint.x
      value: 0
      objectReference: {fileID: 0}
    - target: {fileID: 4000011837718206, guid: fa4a34fb8bbe14649bca25aee46a5f4e, type: 3}
      propertyPath: m_LocalEulerAnglesHint.y
      value: 0
      objectReference: {fileID: 0}
    - target: {fileID: 4000011837718206, guid: fa4a34fb8bbe14649bca25aee46a5f4e, type: 3}
      propertyPath: m_LocalEulerAnglesHint.z
      value: 0
      objectReference: {fileID: 0}
    - target: {fileID: 137000010187031796, guid: fa4a34fb8bbe14649bca25aee46a5f4e, type: 3}
      propertyPath: m_Materials.Array.data[0]
      value: 
      objectReference: {fileID: 2100000, guid: d8a202bc350b09c4e808ea37c6929755, type: 2}
    - target: {fileID: 137000010589930348, guid: fa4a34fb8bbe14649bca25aee46a5f4e, type: 3}
      propertyPath: m_Materials.Array.data[0]
      value: 
      objectReference: {fileID: 2100000, guid: d8a202bc350b09c4e808ea37c6929755, type: 2}
    - target: {fileID: 137000010653297238, guid: fa4a34fb8bbe14649bca25aee46a5f4e, type: 3}
      propertyPath: m_Materials.Array.data[0]
      value: 
      objectReference: {fileID: 2100000, guid: d8a202bc350b09c4e808ea37c6929755, type: 2}
    - target: {fileID: 137000010773995030, guid: fa4a34fb8bbe14649bca25aee46a5f4e, type: 3}
      propertyPath: m_Materials.Array.data[0]
      value: 
      objectReference: {fileID: 2100000, guid: b391b3d14f563d042b11a72ab3273487, type: 2}
    - target: {fileID: 137000011218390628, guid: fa4a34fb8bbe14649bca25aee46a5f4e, type: 3}
      propertyPath: m_Materials.Array.data[0]
      value: 
      objectReference: {fileID: 2100000, guid: d8a202bc350b09c4e808ea37c6929755, type: 2}
    - target: {fileID: 137000012298966006, guid: fa4a34fb8bbe14649bca25aee46a5f4e, type: 3}
      propertyPath: m_Materials.Array.data[0]
      value: 
      objectReference: {fileID: 2100000, guid: d8a202bc350b09c4e808ea37c6929755, type: 2}
    - target: {fileID: 137000012366248584, guid: fa4a34fb8bbe14649bca25aee46a5f4e, type: 3}
      propertyPath: m_Materials.Array.data[0]
      value: 
      objectReference: {fileID: 2100000, guid: d8a202bc350b09c4e808ea37c6929755, type: 2}
    - target: {fileID: 137000013100916642, guid: fa4a34fb8bbe14649bca25aee46a5f4e, type: 3}
      propertyPath: m_Materials.Array.data[0]
      value: 
      objectReference: {fileID: 2100000, guid: d8a202bc350b09c4e808ea37c6929755, type: 2}
    - target: {fileID: 137000013409192254, guid: fa4a34fb8bbe14649bca25aee46a5f4e, type: 3}
      propertyPath: m_Materials.Array.data[0]
      value: 
      objectReference: {fileID: 2100000, guid: d8a202bc350b09c4e808ea37c6929755, type: 2}
    - target: {fileID: 137000013942072932, guid: fa4a34fb8bbe14649bca25aee46a5f4e, type: 3}
      propertyPath: m_Materials.Array.data[0]
      value: 
      objectReference: {fileID: 2100000, guid: d8a202bc350b09c4e808ea37c6929755, type: 2}
    m_RemovedComponents: []
  m_SourcePrefab: {fileID: 100100000, guid: fa4a34fb8bbe14649bca25aee46a5f4e, type: 3}
--- !u!1 &2109187662 stripped
GameObject:
  m_CorrespondingSourceObject: {fileID: 1000012719794696, guid: fa4a34fb8bbe14649bca25aee46a5f4e, type: 3}
  m_PrefabInstance: {fileID: 1934864045}
  m_PrefabAsset: {fileID: 0}
--- !u!114 &2109187665
MonoBehaviour:
  m_ObjectHideFlags: 0
  m_CorrespondingSourceObject: {fileID: 0}
  m_PrefabInstance: {fileID: 0}
  m_PrefabAsset: {fileID: 0}
  m_GameObject: {fileID: 2109187662}
  m_Enabled: 1
  m_EditorHideFlags: 0
  m_Script: {fileID: 11500000, guid: b7bcea90ba6a5c84eab21da3065e623c, type: 3}
  m_Name: 
  m_EditorClassIdentifier: 
  mat: {fileID: 2100000, guid: b391b3d14f563d042b11a72ab3273487, type: 2}
--- !u!4 &1063978642781235472
Transform:
  m_ObjectHideFlags: 0
  m_CorrespondingSourceObject: {fileID: 0}
  m_PrefabInstance: {fileID: 0}
  m_PrefabAsset: {fileID: 0}
  m_GameObject: {fileID: 4348121468881578946}
  m_LocalRotation: {x: -0.7071068, y: 0, z: -0, w: 0.7071067}
  m_LocalPosition: {x: 0.019056559, y: 0.8363929, z: -0.92084545}
  m_LocalScale: {x: 100, y: 100, z: 100}
  m_Children: []
  m_Father: {fileID: 4014069462717057404}
  m_RootOrder: 1
  m_LocalEulerAnglesHint: {x: 0, y: 0, z: 0}
--- !u!23 &1121598333166055572
MeshRenderer:
  m_ObjectHideFlags: 0
  m_CorrespondingSourceObject: {fileID: 0}
  m_PrefabInstance: {fileID: 0}
  m_PrefabAsset: {fileID: 0}
  m_GameObject: {fileID: 2364807079476629702}
  m_Enabled: 1
  m_CastShadows: 1
  m_ReceiveShadows: 1
  m_DynamicOccludee: 1
  m_MotionVectors: 1
  m_LightProbeUsage: 1
  m_ReflectionProbeUsage: 1
  m_RayTracingMode: 2
  m_RayTraceProcedural: 0
  m_RenderingLayerMask: 1
  m_RendererPriority: 0
  m_Materials:
  - {fileID: 2100000, guid: 44252e35e5d4bb74e8160f786a6422e9, type: 2}
  - {fileID: 2100000, guid: 455f594af8e8ffd4e82253a85ec2fd2d, type: 2}
  m_StaticBatchInfo:
    firstSubMesh: 0
    subMeshCount: 0
  m_StaticBatchRoot: {fileID: 0}
  m_ProbeAnchor: {fileID: 0}
  m_LightProbeVolumeOverride: {fileID: 0}
  m_ScaleInLightmap: 1
  m_ReceiveGI: 1
  m_PreserveUVs: 0
  m_IgnoreNormalsForChartDetection: 0
  m_ImportantGI: 0
  m_StitchLightmapSeams: 1
  m_SelectedEditorRenderState: 3
  m_MinimumChartSize: 4
  m_AutoUVMaxDistance: 0.5
  m_AutoUVMaxAngle: 89
  m_LightmapParameters: {fileID: 0}
  m_SortingLayerID: 0
  m_SortingLayer: 0
  m_SortingOrder: 0
  m_AdditionalVertexStreams: {fileID: 0}
--- !u!1 &2364807079476629702
GameObject:
  m_ObjectHideFlags: 0
  m_CorrespondingSourceObject: {fileID: 0}
  m_PrefabInstance: {fileID: 0}
  m_PrefabAsset: {fileID: 0}
  serializedVersion: 6
  m_Component:
  - component: {fileID: 2809591557013909094}
  - component: {fileID: 8632249555854132214}
  - component: {fileID: 1121598333166055572}
  - component: {fileID: 2364807079476629703}
  - component: {fileID: 2364807079476629704}
  m_Layer: 0
  m_Name: Jet.042
  m_TagString: Untagged
  m_Icon: {fileID: 0}
  m_NavMeshLayer: 0
  m_StaticEditorFlags: 0
  m_IsActive: 1
--- !u!65 &2364807079476629703
BoxCollider:
  m_ObjectHideFlags: 0
  m_CorrespondingSourceObject: {fileID: 0}
  m_PrefabInstance: {fileID: 0}
  m_PrefabAsset: {fileID: 0}
  m_GameObject: {fileID: 2364807079476629702}
  m_Material: {fileID: 0}
  m_IsTrigger: 0
  m_Enabled: 1
  serializedVersion: 2
  m_Size: {x: 0.0007366737, y: 0.00080389035, z: 0.0013645063}
  m_Center: {x: 0.000011201762, y: -0.016375532, z: -0.0023712488}
--- !u!114 &2364807079476629704
MonoBehaviour:
  m_ObjectHideFlags: 0
  m_CorrespondingSourceObject: {fileID: 0}
  m_PrefabInstance: {fileID: 0}
  m_PrefabAsset: {fileID: 0}
  m_GameObject: {fileID: 2364807079476629702}
  m_Enabled: 1
  m_EditorHideFlags: 0
  m_Script: {fileID: 11500000, guid: 4fe1ed7564f583d41a6b9751d7457c8d, type: 3}
  m_Name: 
  m_EditorClassIdentifier: 
--- !u!4 &2809591557013909094
Transform:
  m_ObjectHideFlags: 0
  m_CorrespondingSourceObject: {fileID: 0}
  m_PrefabInstance: {fileID: 0}
  m_PrefabAsset: {fileID: 0}
  m_GameObject: {fileID: 2364807079476629702}
  m_LocalRotation: {x: -0.7071068, y: 0, z: -0, w: 0.7071067}
  m_LocalPosition: {x: 0.019056559, y: 0.8363929, z: -0.90402126}
  m_LocalScale: {x: 100, y: 100, z: 100}
  m_Children: []
  m_Father: {fileID: 4014069462717057404}
  m_RootOrder: 0
  m_LocalEulerAnglesHint: {x: 0, y: 0, z: 0}
--- !u!23 &3453832713104437370
MeshRenderer:
  m_ObjectHideFlags: 0
  m_CorrespondingSourceObject: {fileID: 0}
  m_PrefabInstance: {fileID: 0}
  m_PrefabAsset: {fileID: 0}
  m_GameObject: {fileID: 4348121468881578946}
  m_Enabled: 1
  m_CastShadows: 1
  m_ReceiveShadows: 1
  m_DynamicOccludee: 1
  m_MotionVectors: 1
  m_LightProbeUsage: 1
  m_ReflectionProbeUsage: 1
  m_RayTracingMode: 2
  m_RayTraceProcedural: 0
  m_RenderingLayerMask: 1
  m_RendererPriority: 0
  m_Materials:
  - {fileID: 2100000, guid: 44252e35e5d4bb74e8160f786a6422e9, type: 2}
  m_StaticBatchInfo:
    firstSubMesh: 0
    subMeshCount: 0
  m_StaticBatchRoot: {fileID: 0}
  m_ProbeAnchor: {fileID: 0}
  m_LightProbeVolumeOverride: {fileID: 0}
  m_ScaleInLightmap: 1
  m_ReceiveGI: 1
  m_PreserveUVs: 0
  m_IgnoreNormalsForChartDetection: 0
  m_ImportantGI: 0
  m_StitchLightmapSeams: 1
  m_SelectedEditorRenderState: 3
  m_MinimumChartSize: 4
  m_AutoUVMaxDistance: 0.5
  m_AutoUVMaxAngle: 89
  m_LightmapParameters: {fileID: 0}
  m_SortingLayerID: 0
  m_SortingLayer: 0
  m_SortingOrder: 0
  m_AdditionalVertexStreams: {fileID: 0}
--- !u!4 &4014069462717057404
Transform:
  m_ObjectHideFlags: 0
  m_CorrespondingSourceObject: {fileID: 0}
  m_PrefabInstance: {fileID: 0}
  m_PrefabAsset: {fileID: 0}
  m_GameObject: {fileID: 4395238651375522758}
  m_LocalRotation: {x: -0, y: 0.68410057, z: -0, w: 0.7293877}
  m_LocalPosition: {x: -2515, y: 0, z: 0}
  m_LocalScale: {x: 5, y: 5, z: 5}
  m_Children:
  - {fileID: 2809591557013909094}
  - {fileID: 1063978642781235472}
  m_Father: {fileID: 0}
  m_RootOrder: 4
  m_LocalEulerAnglesHint: {x: 0, y: 86.33, z: 0}
--- !u!1 &4348121468881578946
GameObject:
  m_ObjectHideFlags: 0
  m_CorrespondingSourceObject: {fileID: 0}
  m_PrefabInstance: {fileID: 0}
  m_PrefabAsset: {fileID: 0}
  serializedVersion: 6
  m_Component:
  - component: {fileID: 1063978642781235472}
  - component: {fileID: 4993990287041893833}
  - component: {fileID: 3453832713104437370}
  m_Layer: 0
  m_Name: Jet.074
  m_TagString: Untagged
  m_Icon: {fileID: 0}
  m_NavMeshLayer: 0
  m_StaticEditorFlags: 0
  m_IsActive: 1
--- !u!1 &4395238651375522758
GameObject:
  m_ObjectHideFlags: 0
  m_CorrespondingSourceObject: {fileID: 0}
  m_PrefabInstance: {fileID: 0}
  m_PrefabAsset: {fileID: 0}
  serializedVersion: 6
  m_Component:
  - component: {fileID: 4014069462717057404}
  m_Layer: 0
  m_Name: New Futuristic Combat Jet Cockpit (Wip-1 High-Poly)
  m_TagString: Untagged
  m_Icon: {fileID: 0}
  m_NavMeshLayer: 0
  m_StaticEditorFlags: 0
  m_IsActive: 1
--- !u!33 &4993990287041893833
MeshFilter:
  m_ObjectHideFlags: 0
  m_CorrespondingSourceObject: {fileID: 0}
  m_PrefabInstance: {fileID: 0}
  m_PrefabAsset: {fileID: 0}
  m_GameObject: {fileID: 4348121468881578946}
  m_Mesh: {fileID: -7380938481999770716, guid: 0eb682ba7612e3f4d9f4cf76a3bffb58, type: 3}
--- !u!33 &8632249555854132214
MeshFilter:
  m_ObjectHideFlags: 0
  m_CorrespondingSourceObject: {fileID: 0}
  m_PrefabInstance: {fileID: 0}
  m_PrefabAsset: {fileID: 0}
  m_GameObject: {fileID: 2364807079476629702}
  m_Mesh: {fileID: 6210096460264853910, guid: 0eb682ba7612e3f4d9f4cf76a3bffb58, type: 3}
